GPS Time, Device Time, Longitude, Latitude,GPS Speed (Meters/second), Horizontal Dilution of Precision, Altitude, Bearing, G(x), G(y), G(z), G(calibrated),Speed (OBD)(km/h),Engine RPM(rpm),Kilometers Per Litre(Instant)(kpl),Trip Distance(km),Voltage (Control Module)(V),Mass Air Flow Rate(g/s)
-,26-mar-2019 21:30:54.750,-,-,-,-,-,-,-1.2737153,4.6351743,8.542512,0.018197417,0.0,-,-,-,-,217.58999633789062
-,26-mar-2019 21:30:55.751,-,-,-,-,-,-,0.10534488,4.5872903,8.169016,-0.025905252,0.0,-,-,-,-,217.58999633789062
-,26-mar-2019 21:30:56.750,-,-,-,-,-,-,0.08619126,2.2984335,10.275913,0.09241241,0.0,-,-,-,-,217.58999633789062
-,26-mar-2019 21:30:57.749,-,-,-,-,-,-,-3.122039,1.1587936,10.352529,0.12755865,0.0,-,-,-,-,217.58999633789062
-,26-mar-2019 21:30:58.750,-,-,-,-,-,-,-0.545878,1.8962077,10.515334,0.10960859,0.0,-,-,-,-,217.58999633789062
-,26-mar-2019 21:30:59.750,-,-,-,-,-,-,-0.19153613,3.083732,9.509769,0.038275182,0.0,-,-,-,-,217.58999633789062
-,26-mar-2019 21:31:00.751,-,-,-,-,-,-,-0.05746084,2.5091233,9.270349,-0.0019907951,0.0,-,-,-,-,217.58999633789062
-,26-mar-2019 21:31:01.750,-,-,-,-,-,-,0.49799395,2.6144683,9.77792,0.05199331,0.0,-,-,-,-,217.58999633789062
-,26-mar-2019 21:31:02.750,-,-,-,-,-,-,0.34476504,2.873042,9.088389,-0.008734286,0.0,-,-,-,-,217.58999633789062
-,26-mar-2019 21:31:03.750,-,-,-,-,-,-,-0.47884035,1.3503298,9.241618,-0.027685583,0.0,-,-,-,-,217.58999633789062
-,26-mar-2019 21:31:04.750,-,-,-,-,-,-,0.16280572,2.6623523,9.634268,0.038030207,0.0,-,-,-,-,217.58999633789062
-,26-mar-2019 21:31:05.749,-,-,-,-,-,-,0.35434186,2.8060043,9.461885,0.025681913,0.0,-,-,-,-,217.58999633789062
-,26-mar-2019 21:31:06.749,-,-,-,-,-,-,0.05746084,2.882619,9.519346,0.032903492,0.0,-,-,-,-,217.58999633789062
-,26-mar-2019 21:31:07.750,-,-,-,-,-,-,0.45010993,2.4708161,9.509769,0.02163142,0.0,-,-,-,-,217.58999633789062
-,26-mar-2019 21:31:08.749,-,-,-,-,-,-,0.18195933,2.6527755,9.701305,0.04439324,0.0,-,-,-,-,217.58999633789062
-,26-mar-2019 21:31:09.749,-,-,-,-,-,-,-0.22026655,2.4899697,8.781932,-0.050239503,0.0,-,-,-,-,217.58999633789062
-,26-mar-2019 21:31:10.749,-,-,-,-,-,-,1.0247183,1.3503298,11.262324,0.1799764,0.0,-,-,-,-,217.58999633789062
-,26-mar-2019 21:31:11.750,-,-,-,-,-,-,-0.16280572,1.4077905,9.136273,-0.038540065,0.0,-,-,-,-,217.58999633789062
-,26-mar-2019 21:31:12.750,-,-,-,-,-,-,5.45878,5.2863975,4.9416323,-0.0570004,0.0,-,-,-,-,217.58999633789062
-,26-mar-2019 21:31:13.750,-,-,-,-,-,-,8.322245,5.305551,5.0374002,0.087951586,0.0,-,-,-,-,217.58999633789062
-,26-mar-2019 21:31:14.750,-,-,-,-,-,-,-4.510676,0.48841715,12.354081,0.36057526,0.0,-,-,-,-,217.58999633789062
-,26-mar-2019 21:31:15.750,-,-,-,-,-,-,3.9264908,0.35434186,9.126697,0.032435715,0.0,-,-,-,-,217.58999633789062
-,26-mar-2019 21:31:16.750,-,-,-,-,-,-,4.3287168,0.22026655,8.983045,0.035721242,0.0,-,-,-,-,217.58999633789062
-,26-mar-2019 21:31:17.750,-,-,-,-,-,-,3.9935284,0.35434186,8.983045,0.021764457,0.0,-,-,-,-,217.58999633789062
-,26-mar-2019 21:31:18.749,-,-,-,-,-,-,4.1659107,0.33518824,9.002198,0.0307284,0.0,781.25,0.0,-,14.079999923706055,4.599999904632568
-,26-mar-2019 21:31:19.750,-,-,-,-,-,-,4.1180267,0.31603462,9.107543,0.038395226,0.0,803.0,0.0,-,14.079999923706055,4.510000228881836
-,26-mar-2019 21:31:20.750,-,-,-,-,-,-,3.9456444,0.34476504,8.983045,0.019758046,0.0,821.75,0.0,-,14.079999923706055,4.230000019073486
-,26-mar-2019 21:31:21.750,-,-,-,-,-,-,4.0701427,0.2873042,9.069236,0.03274411,0.0,800.0,0.0,-,14.079999923706055,3.9700000286102295
-,26-mar-2019 21:31:22.750,-,-,-,-,-,-,4.0701427,0.32561144,9.126697,0.038208306,0.0,784.25,0.0,-,14.079999923706055,3.8299999237060547
-,26-mar-2019 21:31:23.750,-,-,-,-,-,-,3.9456444,0.30645782,9.030929,0.024097264,0.0,753.0,0.0,-,14.079999923706055,3.75
-,26-mar-2019 21:31:24.750,-,-,-,-,-,-,4.1659107,0.038307227,8.963891,0.026616275,0.0,753.0,0.0,-,14.079999923706055,3.680000066757202
-,26-mar-2019 21:31:25.749,-,-,-,-,-,-,3.9264908,0.34476504,9.212888,0.040473282,0.0,737.5,0.0,-,14.079999923706055,3.6500000953674316
-,26-mar-2019 21:31:26.749,-,-,-,-,-,-,4.175488,0.2777274,9.3182335,0.06025976,0.0,718.75,0.0,-,14.079999923706055,3.6500000953674316
-,26-mar-2019 21:31:27.750,-,-,-,-,-,-,4.0414124,0.33518824,8.896853,0.015686274,0.0,1387.5,0.0,-,14.079999923706055,9.460000038146973
-,26-mar-2019 21:31:28.749,-,-,-,-,-,-,3.916914,0.7086837,8.801085,0.003645897,0.0,2043.75,0.0,-,14.079999923706055,14.050000190734863
-,26-mar-2019 21:31:29.750,-,-,-,-,-,-,4.3382936,0.6895301,8.791509,0.020820677,2.0,1884.25,0.40356844663619995,2.1499999274965376E-4,14.079999923706055,13.5600004196167
-,26-mar-2019 21:31:30.750,-,-,-,-,-,-,4.2999864,-0.10534488,8.762778,0.014057994,2.0,1631.25,1.6684110164642334,9.788888273760676E-4,14.0,3.2799999713897705
-,26-mar-2019 21:31:31.750,-,-,-,-,-,-,4.1371803,0.20111294,9.097966,0.038009584,2.0,696.75,1.044348955154419,0.0015416665701195598,14.079999923706055,5.239999771118164
-,26-mar-2019 21:31:32.750,-,-,-,-,-,-,4.7500963,0.78529817,8.580819,0.021980226,2.0,1121.75,0.6020228862762451,0.002104999963194132,14.0,9.09000015258789
-,26-mar-2019 21:31:33.749,-,-,-,-,-,-,5.0182467,0.2777274,8.446744,0.02092725,6.0,1009.25,1.3767014741897583,0.0031763887964189053,14.079999923706055,7.949999809265137
-,26-mar-2019 21:31:34.749,-,-,-,-,-,-,4.7884035,0.94810385,8.130709,-0.014285862,6.0,1359.25,1.8957464694976807,0.004863055422902107,14.079999923706055,8.65999984741211
-,26-mar-2019 21:31:35.750,-,-,-,-,-,-,3.8977604,0.4405331,10.199299,0.1329239,8.0,1065.5,2.966063976287842,0.0068755559623241425,14.079999923706055,7.380000114440918
-,26-mar-2019 21:31:36.750,-,-,-,-,-,-,4.596867,0.7086837,7.422025,-0.08813679,10.0,1271.75,3.595524311065674,0.009456112049520016,14.079999923706055,7.610000133514404
-,26-mar-2019 21:31:37.749,-,-,-,-,-,-,4.0701427,0.047884032,9.097966,0.03500527,10.0,1262.5,7.475940227508545,0.012195000424981117,14.079999923706055,3.6600000858306885
-,26-mar-2019 21:31:38.750,-,-,-,-,-,-,4.3287168,-0.20111294,8.762778,0.015504599,10.0,756.25,7.435309886932373,0.014822778292000294,14.079999923706055,3.680000066757202
-,26-mar-2019 21:31:39.750,-,-,-,-,-,-,3.916914,-0.17238252,9.605537,0.07658273,10.0,846.75,5.961206912994385,0.017472779378294945,14.079999923706055,4.590000152587891
-,26-mar-2019 21:31:40.749,-,-,-,-,-,-,3.8977604,-0.46926352,9.959879,0.110304415,8.0,840.5,5.365086555480957,0.02017611265182495,14.079999923706055,4.079999923706055
-,26-mar-2019 21:31:41.749,-,-,-,-,-,-,3.6487634,-0.48841715,9.5385,0.06122583,6.0,781.25,5.656215190887451,0.02235138602554798,14.079999923706055,3.869999885559082
-,26-mar-2019 21:31:42.750,-,-,-,-,-,-,3.86903,-1.0151415,8.829816,0.0071327686,4.0,787.5,2.8354344367980957,0.023764440789818764,14.079999923706055,3.859999895095825
-,26-mar-2019 21:31:43.751,-,-,-,-,-,-,3.8498764,-0.5746084,9.050082,0.023249209,2.0,746.75,1.4951879978179932,0.024568883702158928,14.079999923706055,3.6600000858306885
-,26-mar-2019 21:31:44.750,-,-,-,-,-,-,3.9264908,-0.19153613,9.126697,0.031979978,0.0,731.25,0.0,0.024568883702158928,14.079999923706055,3.640000104904175
-,26-mar-2019 21:31:45.750,-,-,-,-,-,-,3.964798,-0.89064306,9.155427,0.0400725,0.0,590.5,0.0,0.024568883702158928,13.84000015258789,3.7799999713897705
-,26-mar-2019 21:31:46.750,-,-,-,-,-,-,3.8594532,-0.15322891,9.241618,0.040030062,0.0,834.25,0.0,0.024568883702158928,14.0,5.159999847412109
-,26-mar-2019 21:31:47.750,-,-,-,-,-,-,4.6926355,-1.4173675,9.088389,0.07161075,0.0,778.0,0.0,0.024568883702158928,13.920000076293945,4.210000038146973
-,26-mar-2019 21:31:48.749,-,-,-,-,-,-,1.4269443,3.3135753,8.686164,-0.022222817,0.0,800.0,0.0,0.024568883702158928,14.0,4.25
-,26-mar-2019 21:31:49.749,-,-,-,-,-,-,1.3120226,4.309563,8.676587,0.01556915,0.0,793.75,0.0,0.024568883702158928,14.0,4.190000057220459
-,26-mar-2019 21:31:50.749,-,-,-,-,-,-,0.5363012,3.8307228,9.3182335,0.04745859,0.0,800.0,0.0,0.024568883702158928,14.0,4.190000057220459
-,26-mar-2019 21:31:51.749,-,-,-,-,-,-,0.08619126,3.217807,9.203311,0.012884498,0.0,775.0,0.0,0.024568883702158928,14.0,4.03000020980835
-,26-mar-2019 21:31:52.750,-,-,-,-,-,-,-0.02873042,3.715801,8.925584,0.0045450926,0.0,762.5,0.0,0.024568883702158928,14.0,3.9000000953674316
-,26-mar-2019 21:31:53.750,-,-,-,-,-,-,0.15322891,3.5434184,8.896853,-0.004674852,0.0,743.75,0.0,0.024568883702158928,14.0,3.890000104904175
-,26-mar-2019 21:31:54.751,-,-,-,-,-,-,-0.22984336,3.2082303,9.471462,0.038644016,0.0,728.0,0.0,0.024568883702158928,14.0,3.880000114440918
-,26-mar-2019 21:31:55.750,-,-,-,-,-,-,-0.50757074,3.6104562,9.174581,0.025369465,0.0,718.75,0.0,0.024568883702158928,14.0,3.9100000858306885
-,26-mar-2019 21:31:56.750,-,-,-,-,-,-,0.51714754,3.083732,9.299079,0.019070685,0.0,712.5,0.0,0.024568883702158928,14.0,3.940000057220459
-,26-mar-2019 21:31:57.750,-,-,-,-,-,-,0.17238252,2.873042,9.576807,0.03836447,0.0,734.25,0.0,0.024568883702158928,14.079999923706055,3.9700000286102295
-,26-mar-2019 21:31:58.750,-,-,-,-,-,-,0.05746084,3.0358477,9.32781,0.018956423,0.0,721.75,0.0,0.024568883702158928,14.0,4.039999961853027
-,26-mar-2019 21:31:59.750,-,-,-,-,-,-,-0.12449849,3.074155,9.260772,0.013747573,0.0,759.25,0.0,0.024568883702158928,14.079999923706055,4.25
-,26-mar-2019 21:32:00.750,-,-,-,-,-,-,-0.05746084,2.882619,9.423578,0.02356428,0.0,781.25,0.0,0.024568883702158928,14.0,4.150000095367432
-,26-mar-2019 21:32:01.750,-,-,-,-,-,-,-0.7469909,2.432509,10.984597,0.1683864,0.0,793.75,0.0,0.024568883702158928,14.0,4.130000114440918
-,26-mar-2019 21:32:02.750,-,-,-,-,-,-,0.32561144,2.719813,9.452309,0.022182047,0.0,781.25,0.0,0.024568883702158928,14.0,4.039999961853027
-,26-mar-2019 21:32:03.749,-,-,-,-,-,-,0.37349546,2.7581203,9.423578,0.020632327,0.0,778.0,0.0,0.024568883702158928,13.920000076293945,3.9800000190734863
-,26-mar-2019 21:32:04.749,-,-,-,-,-,-,0.23942018,2.7102363,9.691729,0.045136034,0.0,771.75,0.0,0.024568883702158928,14.0,3.9100000858306885
-,26-mar-2019 21:32:05.750,-,-,-,-,-,-,0.33518824,2.7581203,9.385271,0.01674664,0.0,765.5,0.0,0.024568883702158928,14.0,3.8499999046325684
-,26-mar-2019 21:32:06.750,-,-,-,-,-,-,0.30645782,2.8060043,9.500193,0.029261172,0.0,740.5,0.0,0.024568883702158928,14.0,3.7699999809265137
-,26-mar-2019 21:32:07.750,-,-,-,-,-,-,0.7278373,2.327164,11.827356,0.24999732,0.0,731.25,0.0,0.024568883702158928,14.0,3.799999952316284
-,26-mar-2019 21:32:08.750,-,-,-,-,-,-,1.3599066,3.2561142,8.868123,-0.008076251,0.0,721.75,0.0,0.024568883702158928,14.0,3.8399999141693115
-,26-mar-2019 21:32:09.750,-,-,-,-,-,-,1.13964,4.1659107,8.695741,0.008729637,0.0,1334.25,0.0,0.024568883702158928,14.0,4.710000038146973
-,26-mar-2019 21:32:10.750,-,-,-,-,-,-,0.92895025,4.309563,8.7053175,0.013695419,0.0,1365.5,0.0,0.024568883702158928,14.0,2.930000066757202
-,26-mar-2019 21:32:11.750,-,-,-,-,-,-,0.32561144,5.00867,8.169016,-0.0036519766,0.0,781.25,0.0,0.024568883702158928,14.0,4.340000152587891
-,26-mar-2019 21:32:12.750,-,-,-,-,-,-,2.8538885,2.3654714,8.896853,0.0014831424,0.0,862.5,0.0,0.024568883702158928,14.0,4.460000038146973
-,26-mar-2019 21:32:13.750,-,-,-,-,-,-,-0.7661445,2.0015526,9.356541,-0.0025233626,0.0,843.75,0.0,0.024568883702158928,14.0,4.400000095367432
-,26-mar-2019 21:32:14.749,-,-,-,-,-,-,-0.047884032,0.63206923,9.3661175,-0.024064004,0.0,840.5,0.0,0.024568883702158928,14.0,4.21999979019165
-,26-mar-2019 21:32:15.749,-,-,-,-,-,-,-0.22026655,1.5514427,9.787497,0.02941209,0.0,828.0,0.0,0.024568883702158928,14.0,3.9800000190734863
-,26-mar-2019 21:32:16.750,-,-,-,-,-,-,-0.2777274,1.5035586,9.854534,0.035559118,0.0,790.5,0.0,0.024568883702158928,14.0,3.930000066757202
-,26-mar-2019 21:32:17.749,-,-,-,-,-,-,0.1436521,1.6376339,9.11712,-0.03664291,0.0,787.5,0.0,0.024568883702158928,14.0,3.819999933242798
-,26-mar-2019 21:32:18.749,-,-,-,-,-,-,-0.2681506,1.541866,9.634268,0.013959348,0.0,756.25,0.0,0.024568883702158928,14.0,3.819999933242798
-,26-mar-2019 21:32:19.749,-,-,-,-,-,-,-0.1340753,1.4939818,9.5385,0.003273189,0.0,750.0,0.0,0.024568883702158928,13.920000076293945,3.740000009536743
-,26-mar-2019 21:32:20.750,-,-,-,-,-,-,-0.22984336,1.5227122,9.816227,0.031873167,0.0,746.75,0.0,0.024568883702158928,13.920000076293945,3.7899999618530273
-,26-mar-2019 21:32:21.750,-,-,-,-,-,-,-0.2777274,1.2162545,9.069236,-0.04780531,0.0,728.0,0.0,0.024568883702158928,13.920000076293945,3.75
-,26-mar-2019 21:32:22.750,-,-,-,-,-,-,-0.31603462,1.541866,9.797073,0.030487716,0.0,718.75,0.0,0.024568883702158928,13.920000076293945,3.7899999618530273
-,26-mar-2019 21:32:23.749,-,-,-,-,-,-,-0.1340753,1.532289,9.691729,0.019308507,0.0,746.75,0.0,0.024568883702158928,14.0,3.759999990463257
-,26-mar-2019 21:32:24.749,-,-,-,-,-,-,-0.32561144,1.4652514,10.160992,0.06601912,0.0,728.0,0.0,0.024568883702158928,14.0,3.75
-,26-mar-2019 21:32:25.749,-,-,-,-,-,-,0.0,1.4269443,9.643845,0.012765646,0.0,737.5,0.0,0.024568883702158928,14.0,3.9000000953674316
-,26-mar-2019 21:32:26.751,-,-,-,-,-,-,-0.9959879,1.5035586,10.812215,0.13639039,0.0,728.0,0.0,0.024568883702158928,13.920000076293945,4.039999961853027
-,26-mar-2019 21:32:27.750,-,-,-,-,-,-,-0.08619126,1.541866,9.921572,0.04255086,0.0,762.5,0.0,0.024568883702158928,14.0,4.289999961853027
-,26-mar-2019 21:32:28.749,-,-,-,-,-,-,-0.19153613,1.5227122,9.720459,0.022146404,0.0,803.0,0.0,0.024568883702158928,14.0,4.179999828338623
-,26-mar-2019 21:32:29.749,-,-,-,-,-,-,-0.16280572,1.541866,9.653421,0.015649974,0.0,803.0,0.0,0.024568883702158928,14.0,4.170000076293945
-,26-mar-2019 21:32:30.749,-,-,-,-,-,-,-0.20111294,1.5705963,9.77792,0.028714359,0.0,818.75,0.0,0.024568883702158928,14.0,4.150000095367432
-,26-mar-2019 21:32:31.750,-,-,-,-,-,-,-0.1436521,1.541866,9.730036,0.023331344,0.0,812.5,0.0,0.024568883702158928,14.0,4.019999980926514
-,26-mar-2019 21:32:32.750,-,-,-,-,-,-,-0.25857377,1.4939818,9.758766,0.025712192,0.0,812.5,0.0,0.024568883702158928,14.0,3.9800000190734863
-,26-mar-2019 21:32:33.750,-,-,-,-,-,-,-0.33518824,1.4748282,9.80665,0.030477345,0.0,790.5,0.0,0.024568883702158928,14.0,3.869999885559082
-,26-mar-2019 21:32:34.750,-,-,-,-,-,-,-0.15322891,1.5035586,9.883265,0.038179815,0.0,781.25,0.0,0.024568883702158928,14.0,3.799999952316284
-,26-mar-2019 21:32:35.750,-,-,-,-,-,-,-0.19153613,1.6376339,9.634268,0.015364468,0.0,759.25,0.0,0.024568883702158928,13.920000076293945,3.759999990463257
-,26-mar-2019 21:32:36.750,-,-,-,-,-,-,-0.22984336,1.5035586,9.844957,0.03447002,0.0,759.25,0.0,0.024568883702158928,13.920000076293945,3.680000066757202
-,26-mar-2019 21:32:37.750,-,-,-,-,-,-,-0.20111294,1.3982137,9.279925,-0.024137259,0.0,753.0,0.0,0.024568883702158928,13.920000076293945,3.6700000762939453
-,26-mar-2019 21:32:38.750,-,-,-,-,-,-,-0.29688102,1.5227122,9.825804,0.03301853,0.0,743.75,0.0,0.024568883702158928,13.920000076293945,3.7100000381469727
-,26-mar-2019 21:32:39.749,-,-,-,-,-,-,-0.32561144,1.484405,9.624691,0.012264907,0.0,712.5,0.0,0.024568883702158928,13.920000076293945,3.630000114440918
-,26-mar-2019 21:32:40.750,-,-,-,-,-,-,-0.25857377,1.484405,9.959879,0.04583043,0.0,731.25,0.0,0.024568883702158928,14.0,3.690000057220459
-,26-mar-2019 21:32:41.750,-,-,-,-,-,-,-0.12449849,1.4173675,9.911995,0.039753735,0.0,721.75,0.0,0.024568883702158928,13.920000076293945,3.690000057220459
-,26-mar-2019 21:32:42.749,-,-,-,-,-,-,-0.22984336,1.5610195,9.854534,0.036334574,0.0,709.25,0.0,0.024568883702158928,13.920000076293945,3.690000057220459
-,26-mar-2019 21:32:43.750,-,-,-,-,-,-,-0.19153613,1.541866,9.710882,0.021486461,0.0,703.0,0.0,0.024568883702158928,14.0,3.700000047683716
-,26-mar-2019 21:32:44.749,-,-,-,-,-,-,-0.047884032,1.6184803,9.768343,0.028340518,0.0,715.5,0.0,0.024568883702158928,13.920000076293945,3.7699999809265137
-,26-mar-2019 21:32:45.749,-,-,-,-,-,-,-0.1436521,1.5897499,9.56723,0.0077334642,0.0,706.25,0.0,0.024568883702158928,14.0,3.7899999618530273
-,26-mar-2019 21:32:46.749,-,-,-,-,-,-,-0.24899697,1.6089035,9.825804,0.03426689,0.0,715.5,0.0,0.024568883702158928,14.0,3.7699999809265137
-,26-mar-2019 21:32:47.751,-,-,-,-,-,-,-0.24899697,1.5514427,9.825804,0.033337176,0.0,721.75,0.0,0.024568883702158928,13.920000076293945,3.799999952316284
-,26-mar-2019 21:32:48.750,-,-,-,-,-,-,-0.10534488,1.5035586,9.576807,0.00724566,0.0,725.0,0.0,0.024568883702158928,14.0,3.7899999618530273
-,26-mar-2019 21:32:49.750,-,-,-,-,-,-,-0.22984336,1.5035586,9.921572,0.04218906,0.0,731.25,0.0,0.024568883702158928,13.920000076293945,3.809999942779541
-,26-mar-2019 21:32:50.750,-,-,-,-,-,-,-0.038307227,1.5227122,9.595961,0.009427965,0.0,725.0,0.0,0.024568883702158928,13.920000076293945,3.819999933242798
-,26-mar-2019 21:32:51.750,-,-,-,-,-,-,-0.30645782,1.5705963,9.911995,0.042479575,0.0,731.25,0.0,0.024568883702158928,14.0,3.809999942779541
-,26-mar-2019 21:32:52.750,-,-,-,-,-,-,-0.25857377,1.5514427,9.883265,0.039146245,0.0,734.25,0.0,0.024568883702158928,13.920000076293945,3.819999933242798
-,26-mar-2019 21:32:53.749,-,-,-,-,-,-,-0.20111294,1.5610195,9.672575,0.017959416,0.0,734.25,0.0,0.024568883702158928,13.920000076293945,3.819999933242798
-,26-mar-2019 21:32:54.749,-,-,-,-,-,-,-0.19153613,1.532289,9.615114,0.011693835,0.0,740.5,0.0,0.024568883702158928,13.84000015258789,3.8399999141693115
-,26-mar-2019 21:32:55.750,-,-,-,-,-,-,-0.1340753,1.5514427,9.653421,0.015759945,0.0,734.25,0.0,0.024568883702158928,13.84000015258789,3.8499999046325684
-,26-mar-2019 21:32:56.750,-,-,-,-,-,-,-0.1340753,1.532289,9.595961,0.009668052,0.0,734.25,0.0,0.024568883702158928,13.920000076293945,3.8399999141693115
-,26-mar-2019 21:32:57.749,-,-,-,-,-,-,-0.1436521,1.5610195,9.691729,0.019783795,0.0,737.5,0.0,0.024568883702158928,14.0,3.8499999046325684
-,26-mar-2019 21:32:58.749,-,-,-,-,-,-,-0.2777274,1.5227122,9.873688,0.03778416,0.0,740.5,0.0,0.024568883702158928,13.920000076293945,3.859999895095825
-,26-mar-2019 21:32:59.750,-,-,-,-,-,-,-0.25857377,1.4939818,9.720459,0.021853745,0.0,743.75,0.0,0.024568883702158928,13.920000076293945,3.869999885559082
-,26-mar-2019 21:33:00.749,-,-,-,-,-,-,-0.22026655,1.4748282,10.04607,0.054284275,0.0,737.5,0.0,0.024568883702158928,13.920000076293945,3.7899999618530273
-,26-mar-2019 21:33:01.749,-,-,-,-,-,-,-0.095768064,1.532289,9.624691,0.012513876,0.0,743.75,0.0,0.024568883702158928,14.0,3.809999942779541
-,26-mar-2019 21:33:02.750,-,-,-,-,-,-,-0.40222588,1.5514427,9.844957,0.035775125,0.0,746.75,0.0,0.024568883702158928,13.920000076293945,3.8499999046325684
-,26-mar-2019 21:33:03.749,-,-,-,-,-,-,-0.11492168,1.541866,9.653421,0.015580654,0.0,740.5,0.0,0.024568883702158928,13.920000076293945,3.8399999141693115
-,26-mar-2019 21:33:04.750,-,-,-,-,-,-,-0.11492168,1.541866,9.509769,0.0011242032,0.0,740.5,0.0,0.024568883702158928,14.0,3.8299999237060547
-,26-mar-2019 21:33:05.749,-,-,-,-,-,-,-0.23942018,1.5801731,9.653421,0.016433775,0.0,743.75,0.0,0.024568883702158928,13.920000076293945,3.7300000190734863
-,26-mar-2019 21:33:06.749,-,-,-,-,-,-,-0.16280572,1.4939818,9.595961,0.0091046095,0.0,740.5,0.0,0.024568883702158928,13.920000076293945,3.7899999618530273
-,26-mar-2019 21:33:07.751,-,-,-,-,-,-,-0.095768064,1.5514427,9.682152,0.01860559,0.0,743.75,0.0,0.024568883702158928,14.0,3.869999885559082
-,26-mar-2019 21:33:08.750,-,-,-,-,-,-,-0.2873042,1.4652514,9.825804,0.032109797,0.0,746.75,0.0,0.024568883702158928,13.920000076293945,3.8399999141693115
-,26-mar-2019 21:33:09.750,-,-,-,-,-,-,-0.05746084,1.5227122,9.701305,0.020044625,0.0,753.0,0.0,0.024568883702158928,13.84000015258789,3.7899999618530273
-,26-mar-2019 21:33:10.750,-,-,-,-,-,-,-0.17238252,1.541866,9.864111,0.036877334,0.0,737.5,0.0,0.024568883702158928,13.920000076293945,3.75
-,26-mar-2019 21:33:11.750,-,-,-,-,-,-,-0.31603462,1.5705963,9.672575,0.018424392,0.0,740.5,0.0,0.024568883702158928,13.920000076293945,3.7799999713897705
-,26-mar-2019 21:33:12.749,-,-,-,-,-,-,-0.22026655,1.532289,9.730036,0.023323357,0.0,753.0,0.0,0.024568883702158928,13.84000015258789,3.819999933242798
-,26-mar-2019 21:33:13.749,-,-,-,-,-,-,-0.22984336,1.5227122,9.911995,0.04151863,0.0,737.5,0.0,0.024568883702158928,13.920000076293945,3.799999952316284
-,26-mar-2019 21:33:14.750,-,-,-,-,-,-,-0.7565677,1.8195933,10.084377,0.06641227,0.0,743.75,0.0,0.024568883702158928,13.920000076293945,3.7799999713897705
-,26-mar-2019 21:33:15.750,-,-,-,-,-,-,-0.17238252,1.4939818,9.758766,0.025520504,0.0,731.25,0.0,0.024568883702158928,13.920000076293945,3.75
-,26-mar-2019 21:33:16.749,-,-,-,-,-,-,-0.076614454,1.5610195,9.56723,0.0071800947,0.0,734.25,0.0,0.024568883702158928,13.920000076293945,3.809999942779541
-,26-mar-2019 21:33:17.750,-,-,-,-,-,-,-0.15322891,1.3024458,9.768343,0.023687184,0.0,756.25,0.0,0.024568883702158928,13.920000076293945,3.8499999046325684
-,26-mar-2019 21:33:18.750,-,-,-,-,-,-,-0.24899697,1.5514427,9.768343,0.027553737,0.0,740.5,0.0,0.024568883702158928,14.0,3.819999933242798
-,26-mar-2019 21:33:19.750,-,-,-,-,-,-,-0.18195933,1.5035586,9.653421,0.015076041,0.0,734.25,0.0,0.024568883702158928,13.920000076293945,3.7799999713897705
-,26-mar-2019 21:33:20.750,-,-,-,-,-,-,-0.11492168,1.5514427,9.662998,0.016698897,0.0,737.5,0.0,0.024568883702158928,13.920000076293945,3.7899999618530273
-,26-mar-2019 21:33:21.749,-,-,-,-,-,-,-0.1340753,1.5610195,9.548077,0.0053169727,0.0,753.0,0.0,0.024568883702158928,14.0,3.8299999237060547
-,26-mar-2019 21:33:22.750,-,-,-,-,-,-,-0.24899697,1.6089035,9.624691,0.0140475035,0.0,778.0,0.0,0.024568883702158928,13.920000076293945,3.7899999618530273
-,26-mar-2019 21:33:23.749,-,-,-,-,-,-,-0.11492168,1.4939818,10.01734,0.05149585,0.0,743.75,0.0,0.024568883702158928,13.920000076293945,3.690000057220459
-,26-mar-2019 21:33:24.749,-,-,-,-,-,-,-0.17238252,1.3024458,9.701305,0.01694721,0.0,737.5,0.0,0.024568883702158928,13.920000076293945,3.6600000858306885
-,26-mar-2019 21:33:25.750,-,-,-,-,-,-,-0.2873042,1.5705963,9.691729,0.020260751,0.0,718.75,0.0,0.024568883702158928,13.920000076293945,3.75
-,26-mar-2019 21:33:26.750,-,-,-,-,-,-,-0.25857377,1.4939818,9.80665,0.030535758,0.0,765.5,0.0,0.024568883702158928,13.84000015258789,3.8399999141693115
-,26-mar-2019 21:33:27.749,-,-,-,-,-,-,-0.16280572,1.7238252,9.854534,0.03892809,0.0,1284.25,0.0,0.024568883702158928,13.920000076293945,9.199999809265137
-,26-mar-2019 21:33:28.749,-,-,-,-,-,-,-0.22026655,2.767697,9.289502,0.0073323846,2.0,2084.25,0.39483320713043213,0.024568883702158928,13.920000076293945,13.859999656677246
-,26-mar-2019 21:33:29.750,-,-,-,-,-,-,0.17238252,1.9153614,9.442732,0.0013211966,4.0,1690.5,3.19089674949646,0.02551555074751377,13.920000076293945,3.430000066757202
-,26-mar-2019 21:33:30.750,-,-,-,-,-,-,0.23942018,1.2162545,9.9790325,0.044048727,4.0,956.25,2.95804762840271,0.026577772572636604,14.0,3.700000047683716
-,26-mar-2019 21:33:31.749,-,-,-,-,-,-,0.009576807,1.6280571,10.275913,0.079559386,6.0,843.75,3.0345962047576904,0.027948329225182533,14.0,5.409999847412109
-,26-mar-2019 21:33:32.750,-,-,-,-,-,-,-0.1436521,0.47884035,10.869676,0.12819117,4.0,978.0,2.270700454711914,0.029347775503993034,13.920000076293945,4.820000171661377
-,26-mar-2019 21:33:33.749,-,-,-,-,-,-,0.02873042,1.484405,9.768343,0.026189268,2.0,915.5,1.3218328952789307,0.03011305257678032,13.920000076293945,4.139999866485596
-,26-mar-2019 21:33:34.749,-,-,-,-,-,-,-0.36391866,1.733402,10.084377,0.062704265,2.0,843.75,2.974123954772949,0.03068888559937477,13.920000076293945,3.680000066757202
-,26-mar-2019 21:33:35.749,-,-,-,-,-,-,0.17238252,0.94810385,10.448297,0.08858615,2.0,721.75,1.5158970355987549,0.03164805471897125,13.920000076293945,3.609999895095825
-,26-mar-2019 21:33:36.750,-,-,-,-,-,-,-0.16280572,1.5227122,9.902418,0.040420115,2.0,746.75,1.3960174322128296,0.03219082951545715,13.920000076293945,3.9200000762939453
-,26-mar-2019 21:33:37.749,-,-,-,-,-,-,-0.29688102,1.5801731,9.586384,0.009854138,0.0,1084.25,0.0,0.03254471719264984,14.0,8.1899995803833
-,26-mar-2019 21:33:38.750,-,-,-,-,-,-,-0.6895301,2.9496565,9.509769,0.03638655,4.0,700.0,1.6286870241165161,0.0328916572034359,13.920000076293945,6.71999979019165
-,26-mar-2019 21:33:39.750,-,-,-,-,-,-,-1.6950948,3.5625722,10.0269165,0.1173864,8.0,1275.0,1.4710720777511597,0.034414712339639664,14.0,14.880000114440918
-,26-mar-2019 21:33:40.749,-,-,-,-,-,-,-1.043872,3.074155,10.352529,0.12497872,12.0,1562.5,2.1320993900299072,0.037294432520866394,14.0,15.399999618530273
-,26-mar-2019 21:33:41.749,-,-,-,-,-,-,-0.79487497,1.6184803,10.01734,0.05654627,16.0,2071.75,3.4069342613220215,0.041097212582826614,13.920000076293945,12.850000381469727
-,26-mar-2019 21:33:42.750,-,-,-,-,-,-,-0.22026655,1.9728222,9.739613,0.032236397,14.0,1853.0,5.290983200073242,0.04527582973241806,13.920000076293945,7.239999771118164
-,26-mar-2019 21:33:43.750,-,-,-,-,-,-,-0.1436521,2.2601264,9.710882,0.035458744,14.0,1109.25,5.247495174407959,0.048857495188713074,13.920000076293945,7.300000190734863
-,26-mar-2019 21:33:44.749,-,-,-,-,-,-,1.0821792,2.8634653,10.160992,0.10076171,14.0,1153.0,4.433647632598877,0.05282805487513542,13.920000076293945,8.640000343322754
-,26-mar-2019 21:33:45.749,-,-,-,-,-,-,0.6703765,2.2409728,10.01734,0.06760448,16.0,1171.75,4.522634983062744,0.056874435395002365,13.920000076293945,9.680000305175781
-,26-mar-2019 21:33:46.750,-,-,-,-,-,-,0.17238252,3.964798,9.279925,0.047836483,20.0,1475.0,2.4550864696502686,0.061401668936014175,13.920000076293945,22.290000915527344
-,26-mar-2019 21:33:47.750,-,-,-,-,-,-,-0.7374141,2.4995465,10.093954,0.081685245,24.0,1743.75,3.8246161937713623,0.06766194850206375,13.920000076293945,17.170000076293945
-,26-mar-2019 21:33:48.750,-,-,-,-,-,-,-2.6240451,1.7046716,10.582372,0.14390427,26.0,1903.0,3.8768961429595947,0.07454860955476761,14.0,18.350000381469727
-,26-mar-2019 21:33:49.749,-,-,-,-,-,-,0.2681506,1.6759412,10.352529,0.08839196,26.0,2012.5,10.71401309967041,0.08159139007329941,14.0,6.639999866485596
-,26-mar-2019 21:33:50.750,-,-,-,-,-,-,1.1204864,2.2888567,8.963891,-0.03104043,26.0,1334.25,8.065878868103027,0.08843082189559937,14.0,8.819999694824219
-,26-mar-2019 21:33:51.750,-,-,-,-,-,-,0.7661445,1.388637,6.9144545,-0.2578594,28.0,1396.75,5.563793182373047,0.09544386714696884,14.0,13.770000457763672
-,26-mar-2019 21:33:52.750,-,-,-,-,-,-,0.6799533,1.3599066,10.927136,0.14360815,28.0,1493.75,5.208255290985107,0.10297108441591263,14.079999923706055,14.710000038146973
-,26-mar-2019 21:33:53.750,-,-,-,-,-,-,-2.7581203,6.8186865,7.7093296,0.10516745,30.0,1587.5,5.365086555480957,0.11136303842067719,13.84000015258789,15.300000190734863
-,26-mar-2019 21:33:54.749,-,-,-,-,-,-,-0.7278373,4.912902,4.903325,-0.2695648,32.0,1659.25,5.545168399810791,0.12021999806165695,14.079999923706055,15.789999961853027
-,26-mar-2019 21:33:55.749,-,-,-,-,-,-,-1.1013328,5.717354,8.0445175,0.03128594,34.0,1721.75,6.273135662078857,0.1287180632352829,14.079999923706055,14.210000038146973
-,26-mar-2019 21:33:56.751,-,-,-,-,-,-,-0.61291564,5.3247046,8.63828,0.05529183,34.0,1759.25,7.101572513580322,0.1383986473083496,14.079999923706055,13.100000381469727
-,26-mar-2019 21:33:57.749,-,-,-,-,-,-,0.7278373,4.6255975,5.6886234,-0.22993726,34.0,1768.75,6.630834102630615,0.1476069837808609,14.079999923706055,14.029999732971191
-,26-mar-2019 21:33:58.750,-,-,-,-,-,-,-0.19153613,4.3478703,8.149862,-0.039196074,34.0,1768.75,8.902449607849121,0.15654145181179047,14.0,10.449999809265137
-,26-mar-2019 21:33:59.750,-,-,-,-,-,-,-0.21068975,5.0661306,8.350976,0.014901459,34.0,1746.75,9.014593124389648,0.16560810804367065,14.0,10.319999694824219
-,26-mar-2019 21:34:00.750,-,-,-,-,-,-,-1.1300632,3.6104562,9.490616,0.06047398,34.0,1784.25,7.81113338470459,0.17549560964107513,13.920000076293945,11.90999984741211
-,26-mar-2019 21:34:01.750,-,-,-,-,-,-,0.7182605,4.2521024,9.222465,0.056805313,34.0,1784.25,6.345880031585693,0.184420645236969,14.0,14.65999984741211
-,26-mar-2019 21:34:02.750,-,-,-,-,-,-,-0.047884032,4.0222588,10.67814,0.18216771,36.0,1828.0,7.95662260055542,0.19408120214939117,13.920000076293945,12.380000114440918
-,26-mar-2019 21:34:03.749,-,-,-,-,-,-,-0.9576807,3.2369606,9.634268,0.059625328,36.0,1837.5,8.174521446228027,0.20372121036052704,14.0,12.050000190734863
-,26-mar-2019 21:34:04.749,-,-,-,-,-,-,-2.1452048,3.074155,10.0269165,0.110206544,36.0,1834.25,8.242927551269531,0.21404121816158295,14.0,11.949999809265137
-,26-mar-2019 21:34:05.749,-,-,-,-,-,-,-1.4173675,3.5817258,8.1881695,-0.0585773,36.0,1868.75,8.298482894897461,0.22342121601104736,14.079999923706055,11.869999885559082
-,26-mar-2019 21:34:06.750,-,-,-,-,-,-,-1.436521,4.4244847,10.869676,0.22422534,36.0,1859.25,8.074015617370605,0.23353122174739838,14.0,12.199999809265137
-,26-mar-2019 21:34:07.750,-,-,-,-,-,-,-0.076614454,5.8226986,9.126697,0.12258655,36.0,1896.75,5.069633960723877,0.2433212399482727,14.079999923706055,19.43000030517578
-,26-mar-2019 21:34:08.749,-,-,-,-,-,-,-1.4652514,6.090849,9.097966,0.14501351,40.0,2040.5,3.245781660079956,0.253333181142807,14.079999923706055,33.720001220703125
-,26-mar-2019 21:34:09.749,-,-,-,-,-,-,1.1300632,6.3302693,8.456321,0.10192531,40.0,1825.0,17.000022888183594,0.2649163007736206,14.0,6.760000228881836
-,26-mar-2019 21:34:10.750,-,-,-,-,-,-,-0.06703765,4.5777135,7.52737,-0.08290702,40.0,1550.0,14.344398498535156,0.2761496901512146,14.079999923706055,7.630000114440918
-,26-mar-2019 21:34:11.749,-,-,-,-,-,-,-1.3215994,4.0892963,10.0748005,0.13552469,40.0,1521.75,16.532896041870117,0.28661638498306274,14.0,6.619999885559082
-,26-mar-2019 21:34:12.749,-,-,-,-,-,-,-1.7046716,5.851429,7.2304893,-0.01703626,38.0,1456.25,26.456838607788086,0.2977355718612671,14.0,3.930000066757202
-,26-mar-2019 21:34:13.749,-,-,-,-,-,-,-0.41180268,4.759673,8.580819,0.020134151,34.0,1325.0,27.687679290771484,0.3072761595249176,14.079999923706055,3.359999895095825
-,26-mar-2019 21:34:14.750,-,-,-,-,-,-,-0.29688102,4.8937483,7.565677,-0.062004983,28.0,715.5,17.06566047668457,0.3159849941730499,14.079999923706055,4.809999942779541
-,26-mar-2019 21:34:15.750,-,-,-,-,-,-,-0.39264908,5.1235914,10.01734,0.16664916,24.0,1568.75,14.95869255065918,0.3226780295372009,14.079999923706055,4.389999866485596
-,26-mar-2019 21:34:16.750,-,-,-,-,-,-,1.2449849,5.506664,7.5465236,-0.02028507,18.0,1340.5,14.970059394836426,0.3284333348274231,14.0,3.2899999618530273
-,26-mar-2019 21:34:17.750,-,-,-,-,-,-,1.3694834,5.5258174,10.25676,0.21479839,16.0,1303.0,6.290101528167725,0.3330095112323761,14.0,6.960000038146973
-,26-mar-2019 21:34:18.750,-,-,-,-,-,-,3.715801,6.4643445,8.494628,0.1711728,16.0,1221.75,4.042392253875732,0.3378184139728546,14.0,10.829999923706055
-,26-mar-2019 21:34:19.749,-,-,-,-,-,-,2.1547816,7.4124484,8.0445175,0.15550035,20.0,1487.5,2.5607805252075195,0.34230372309684753,14.0,21.3700008392334
-,26-mar-2019 21:34:20.750,-,-,-,-,-,-,-0.35434186,7.7189064,5.995081,0.01594013,26.0,1865.5,2.2699759006500244,0.3485775887966156,14.0,31.34000015258789
-,26-mar-2019 21:34:21.750,-,-,-,-,-,-,-1.0342951,7.019799,6.6079965,0.0073820353,32.0,2356.25,2.553462028503418,0.35612204670906067,14.0,34.290000915527344
-,26-mar-2019 21:34:22.749,-,-,-,-,-,-,0.18195933,5.5258174,7.872135,-4.004836E-4,34.0,2243.75,13.620878219604492,0.3652048408985138,14.079999923706055,6.380000114440918
-,26-mar-2019 21:34:23.749,-,-,-,-,-,-,-0.15322891,6.5505357,8.178593,0.08725852,34.0,1762.5,4.802818775177002,0.37495157122612,14.079999923706055,19.3700008392334
-,26-mar-2019 21:34:24.750,-,-,-,-,-,-,-0.15322891,6.8569937,7.240066,0.035613954,38.0,1928.0,3.4428932666778564,0.38417381048202515,14.079999923706055,30.200000762939453
-,26-mar-2019 21:34:25.750,-,-,-,-,-,-,-0.019153614,6.8091097,6.8665705,0.004756391,42.0,2171.75,3.608168125152588,0.394818514585495,14.15999984741211,31.850000381469727
-,26-mar-2019 21:34:26.749,-,-,-,-,-,-,0.40222588,5.9184666,8.676587,0.09041923,44.0,2006.25,18.131406784057617,0.4075837731361389,14.079999923706055,6.639999866485596
-,26-mar-2019 21:34:27.750,-,-,-,-,-,-,-0.2873042,5.8322754,6.397307,-0.09806305,42.0,1662.5,14.944103240966797,0.41850852966308594,14.079999923706055,7.690000057220459
-,26-mar-2019 21:34:28.750,-,-,-,-,-,-,0.22984336,5.7365074,8.552089,0.06899136,42.0,1600.0,14.528464317321777,0.42997685074806213,14.079999923706055,7.909999847412109
-,26-mar-2019 21:34:29.750,-,-,-,-,-,-,0.2681506,5.4683566,7.2209125,-0.057268083,42.0,1596.75,14.944103240966797,0.4420051574707031,14.079999923706055,7.690000057220459
-,26-mar-2019 21:34:30.749,-,-,-,-,-,-,0.047884032,5.391742,7.4507556,-0.04347551,40.0,1562.5,14.013798713684082,0.4528754651546478,14.079999923706055,7.809999942779541
-,26-mar-2019 21:34:31.749,-,-,-,-,-,-,0.9672575,6.445191,4.673482,-0.16348529,40.0,1556.25,15.3934965133667,0.4639088213443756,14.15999984741211,7.110000133514404
-,26-mar-2019 21:34:32.749,-,-,-,-,-,-,-0.40222588,4.4915223,8.111555,-0.034946978,40.0,1531.25,20.38133430480957,0.47524213790893555,14.079999923706055,5.369999885559082
-,26-mar-2019 21:34:33.750,-,-,-,-,-,-,0.8714894,4.1276035,13.148955,0.42665678,38.0,1478.0,26.124465942382812,0.486091285943985,14.0,3.9800000190734863
-,26-mar-2019 21:34:34.750,-,-,-,-,-,-,0.10534488,4.3478703,7.8146744,-0.06933957,36.0,1393.75,25.853803634643555,0.4956604540348053,14.0,3.809999942779541
-,26-mar-2019 21:34:35.750,-,-,-,-,-,-,-0.08619126,4.6830587,7.489063,-0.080577075,36.0,765.5,27.983802795410156,0.5051904320716858,14.0,3.5199999809265137
-,26-mar-2019 21:34:36.749,-,-,-,-,-,-,-0.63206923,4.2999864,5.90889,-0.23327869,34.0,1728.0,17.890501022338867,0.5154534578323364,14.079999923706055,5.199999809265137
-,26-mar-2019 21:34:37.750,-,-,-,-,-,-,0.10534488,3.4955344,10.208876,0.11902505,28.0,1493.75,19.923744201660156,0.5238659381866455,14.079999923706055,4.119999885559082
-,26-mar-2019 21:34:38.750,-,-,-,-,-,-,-0.6703765,4.060566,10.0269165,0.12385875,24.0,1184.25,19.145381927490234,0.5306976437568665,14.079999923706055,3.430000066757202
-,26-mar-2019 21:34:39.749,-,-,-,-,-,-,-1.0151415,3.7924154,8.552089,-0.021758258,18.0,812.5,9.25779914855957,0.5366496443748474,14.079999923706055,5.320000171661377
-,26-mar-2019 21:34:40.749,-,-,-,-,-,-,0.6895301,6.196194,7.3166804,-0.0011223555,18.0,1012.5,10.92050838470459,0.5409445762634277,14.079999923706055,4.510000228881836
-,26-mar-2019 21:34:41.750,-,-,-,-,-,-,2.327164,5.104438,10.97502,0.27543896,16.0,1196.75,5.908111572265625,0.5460354089736938,14.079999923706055,7.409999847412109
-,26-mar-2019 21:34:42.750,-,-,-,-,-,-,0.842759,6.4547677,7.52737,0.03344053,18.0,1306.25,4.650754928588867,0.5504117608070374,14.0,10.59000015258789
-,26-mar-2019 21:34:43.750,-,-,-,-,-,-,0.9959879,6.588843,7.297527,0.026364267,20.0,1506.25,3.753352642059326,0.5553001165390015,14.079999923706055,14.579999923706055
-,26-mar-2019 21:34:44.750,-,-,-,-,-,-,1.6376339,7.3166804,10.6398325,0.34583062,24.0,1768.75,3.705906391143799,0.5612342953681946,14.079999923706055,17.719999313354492
-,26-mar-2019 21:34:45.750,-,-,-,-,-,-,0.6512229,5.4779334,10.141838,0.19586784,26.0,1996.75,6.329274654388428,0.5683453679084778,14.079999923706055,11.239999771118164
-,26-mar-2019 21:34:46.750,-,-,-,-,-,-,1.6376339,4.4340615,5.2385135,-0.26175106,26.0,1500.0,11.292229652404785,0.5758925676345825,14.15999984741211,6.300000190734863
-,26-mar-2019 21:34:47.750,-,-,-,-,-,-,-0.41180268,8.0924015,6.129156,0.054665267,28.0,1431.25,3.7100937366485596,0.5827767252922058,14.079999923706055,20.649999618530273
-,26-mar-2019 21:34:48.750,-,-,-,-,-,-,0.5363012,6.83784,6.253655,-0.03484273,32.0,1615.5,3.346343994140625,0.5907561182975769,14.079999923706055,24.530000686645508
-,26-mar-2019 21:34:49.750,-,-,-,-,-,-,-0.009576807,7.5944076,4.9799395,-0.055253863,36.0,1846.75,3.6961722373962402,0.6002522110939026,14.0,26.649999618530273
-,26-mar-2019 21:34:50.749,-,-,-,-,-,-,0.2777274,6.703765,7.920019,0.077103436,38.0,1962.5,10.104506492614746,0.609416663646698,14.0,10.289999961853027
-,26-mar-2019 21:34:51.749,-,-,-,-,-,-,0.91937345,6.445191,7.651869,0.04313165,38.0,1943.75,19.008296966552734,0.6196767091751099,14.0,5.46999979019165
-,26-mar-2019 21:34:52.752,-,-,-,-,-,-,1.5993267,5.391742,8.303091,0.041269243,34.0,1759.25,18.71843147277832,0.6301919221878052,14.0,4.96999979019165
-,26-mar-2019 21:34:53.750,-,-,-,-,-,-,1.1492168,6.933608,8.025364,0.106441915,30.0,1531.25,19.451618194580078,0.6393635869026184,14.079999923706055,4.21999979019165
-,26-mar-2019 21:34:54.749,-,-,-,-,-,-,0.90979666,5.746084,6.4164605,-0.098106265,28.0,1465.5,19.54424285888672,0.6466599702835083,14.15999984741211,3.9200000762939453
-,26-mar-2019 21:34:55.750,-,-,-,-,-,-,3.3806129,6.7612257,6.3685765,0.026584685,28.0,1487.5,6.342171669006348,0.654686689376831,14.0,12.079999923706055
-,26-mar-2019 21:34:56.750,-,-,-,-,-,-,1.8579005,8.1881695,5.707777,0.053930223,30.0,1575.0,4.547691345214844,0.6625086069107056,14.079999923706055,18.049999237060547
-,26-mar-2019 21:34:57.750,-,-,-,-,-,-,0.36391866,8.073248,4.3957543,-0.04322344,36.0,1840.5,2.8615996837615967,0.6713735461235046,14.079999923706055,32.5099983215332
-,26-mar-2019 21:34:58.750,-,-,-,-,-,-,-0.02873042,9.672575,9.414001,0.3948936,40.0,2093.75,3.084773540496826,0.6812865734100342,14.079999923706055,35.47999954223633
-,26-mar-2019 21:34:59.750,-,-,-,-,-,-,-0.11492168,8.207323,7.5848308,0.15824574,46.0,2337.5,4.756800174713135,0.6940721273422241,14.15999984741211,26.459999084472656
-,26-mar-2019 21:35:00.749,-,-,-,-,-,-,-0.2681506,7.2783732,7.833828,0.10936874,46.0,1646.75,25.172985076904297,0.7069137692451477,14.0,5.0
-,26-mar-2019 21:35:01.750,-,-,-,-,-,-,-0.6991069,7.067683,4.663905,-0.11487967,46.0,1734.25,18.084041595458984,0.7194998860359192,14.15999984741211,6.960000038146973
-,26-mar-2019 21:35:02.750,-,-,-,-,-,-,-0.35434186,7.1155677,8.963891,0.18620163,44.0,1731.25,16.932846069335938,0.7318440675735474,14.079999923706055,7.110000133514404
-,26-mar-2019 21:35:03.750,-,-,-,-,-,-,0.019153614,7.240066,7.603985,0.08928543,44.0,1703.0,25.186723709106445,0.7427829504013062,14.079999923706055,4.78000020980835
-,26-mar-2019 21:35:04.750,-,-,-,-,-,-,-0.32561144,6.531382,8.159439,0.08491689,42.0,1643.75,26.479297637939453,0.7555760741233826,14.079999923706055,4.340000152587891
-,26-mar-2019 21:35:05.749,-,-,-,-,-,-,-1.9153614,6.4643445,8.197746,0.10096866,42.0,1593.75,26.00003433227539,0.7663560509681702,14.15999984741211,4.420000076293945
-,26-mar-2019 21:35:06.750,-,-,-,-,-,-,-1.8770541,4.606444,8.207323,-0.0027104616,40.0,1528.0,25.39391326904297,0.7779552936553955,14.0,4.309999942779541
-,26-mar-2019 21:35:07.750,-,-,-,-,-,-,-1.9919758,5.267244,7.6710224,-0.010957956,38.0,1506.25,23.417877197265625,0.7883149981498718,14.079999923706055,4.440000057220459
-,26-mar-2019 21:35:08.750,-,-,-,-,-,-,-0.36391866,6.789956,8.801085,0.15272349,38.0,1490.5,12.804849624633789,0.7978678345680237,14.079999923706055,8.119999885559082
-,26-mar-2019 21:35:09.750,-,-,-,-,-,-,-0.12449849,6.0621185,6.5122285,-0.073969305,40.0,1512.5,11.236937522888184,0.8089004158973694,14.079999923706055,9.739999771118164
-,26-mar-2019 21:35:10.750,-,-,-,-,-,-,0.90979666,6.3781533,6.397307,-0.055482924,40.0,1556.25,7.828881740570068,0.8199448585510254,14.079999923706055,13.979999542236328
-,26-mar-2019 21:35:11.752,-,-,-,-,-,-,0.22026655,6.291962,5.8322754,-0.10616648,42.0,1615.5,6.391554832458496,0.8307040929794312,14.079999923706055,17.979999542236328
-,26-mar-2019 21:35:12.749,-,-,-,-,-,-,-0.22984336,6.14831,7.297527,-0.008005738,44.0,1703.0,6.582424163818359,0.8430495858192444,14.15999984741211,18.290000915527344
-,26-mar-2019 21:35:13.750,-,-,-,-,-,-,-0.47884035,6.531382,7.28795,0.01778531,46.0,1778.0,5.856906890869141,0.8553673028945923,14.079999923706055,21.489999771118164
-,26-mar-2019 21:35:14.750,-,-,-,-,-,-,0.38307226,5.650316,6.9048777,-0.07067442,48.0,1875.0,5.975310325622559,0.8675898313522339,14.079999923706055,21.979999542236328
-,26-mar-2019 21:35:15.750,-,-,-,-,-,-,-0.7086837,5.48751,8.149862,0.02314347,48.0,2025.0,19.631885528564453,0.881462574005127,14.079999923706055,6.690000057220459
-,26-mar-2019 21:35:16.750,-,-,-,-,-,-,1.388637,5.449203,4.2425256,-0.26293397,48.0,1403.0,16.88140296936035,0.8952422738075256,14.079999923706055,7.78000020980835
-,26-mar-2019 21:35:17.749,-,-,-,-,-,-,-0.6512229,6.8761473,8.24563,0.115452945,48.0,1406.25,16.154651641845703,0.9079355001449585,14.079999923706055,8.130000114440918
-,26-mar-2019 21:35:18.749,-,-,-,-,-,-,0.25857377,6.0142345,7.9583263,0.036188424,48.0,1409.25,18.816234588623047,0.9206022024154663,14.079999923706055,6.980000019073486
-,26-mar-2019 21:35:19.750,-,-,-,-,-,-,0.90021986,6.4260373,8.695741,0.12500364,48.0,1396.75,18.065656661987305,0.9339754581451416,14.079999923706055,7.269999980926514
-,26-mar-2019 21:35:20.750,-,-,-,-,-,-,0.6991069,5.707777,8.39886,0.05659598,48.0,1334.25,25.5520076751709,0.947482168674469,14.15999984741211,5.139999866485596
-,26-mar-2019 21:35:21.750,-,-,-,-,-,-,-0.22026655,7.7667904,7.5848308,0.12585336,46.0,1334.25,33.92585754394531,0.9600754976272583,14.079999923706055,3.7100000381469727
-,26-mar-2019 21:35:22.750,-,-,-,-,-,-,1.3215994,5.4300494,7.479486,-0.029242337,46.0,1312.5,34.017547607421875,0.9721121788024902,14.079999923706055,3.700000047683716
-,26-mar-2019 21:35:23.750,-,-,-,-,-,-,0.58418524,6.3589997,7.1155677,-0.0063997507,44.0,1309.25,28.261157989501953,0.9854094386100769,14.079999923706055,4.260000228881836
-,26-mar-2019 21:35:24.750,-,-,-,-,-,-,-0.16280572,5.9280434,8.590396,0.08307129,44.0,1296.75,34.39786911010742,0.9969840049743652,14.079999923706055,3.5
-,26-mar-2019 21:35:25.749,-,-,-,-,-,-,-1.292869,6.3302693,5.4204726,-0.12130743,44.0,1278.0,14.147184371948242,1.008754014968872,14.079999923706055,8.510000228881836
-,26-mar-2019 21:35:26.749,-,-,-,-,-,-,-0.1340753,5.947197,7.345411,-0.017483234,46.0,1306.25,12.079167366027832,1.019736886024475,14.0,10.420000076293945
-,26-mar-2019 21:35:27.751,-,-,-,-,-,-,0.5554548,6.0046577,7.52737,0.0021789074,44.0,1065.5,31.93436050415039,1.0332362651824951,14.079999923706055,3.7699999809265137
-,26-mar-2019 21:35:28.750,-,-,-,-,-,-,-1.733402,7.872135,7.7093296,0.15599042,44.0,1068.75,21.57572364807129,1.0449206829071045,14.15999984741211,5.579999923706055
-,26-mar-2019 21:35:29.750,-,-,-,-,-,-,0.40222588,5.592855,7.431602,-0.031998992,44.0,940.5,35.61909484863281,1.0581328868865967,14.079999923706055,3.380000114440918
-,26-mar-2019 21:35:30.750,-,-,-,-,-,-,-0.78529817,6.6271505,8.264784,0.10184747,44.0,925.0,29.080324172973633,1.0686930418014526,14.079999923706055,4.139999866485596
-,26-mar-2019 21:35:31.750,-,-,-,-,-,-,0.11492168,4.76925,8.90643,0.048932254,38.0,956.25,26.25640869140625,1.0809903144836426,14.079999923706055,3.9600000381469727
-,26-mar-2019 21:35:32.750,-,-,-,-,-,-,0.21068975,4.1946416,9.710882,0.09751171,30.0,925.0,22.56654930114746,1.0901250839233398,14.15999984741211,3.880000114440918
-,26-mar-2019 21:35:33.750,-,-,-,-,-,-,-0.12449849,5.046977,8.896853,0.06175655,24.0,1003.0,18.056102752685547,1.0975335836410522,14.15999984741211,3.940000057220459
-,26-mar-2019 21:35:34.750,-,-,-,-,-,-,-0.33518824,4.654328,7.9966335,-0.037210226,18.0,1006.25,13.204154014587402,1.103192687034607,14.079999923706055,3.7300000190734863
-,26-mar-2019 21:35:35.750,-,-,-,-,-,-,0.24899697,4.7500963,8.839393,0.042235672,14.0,784.25,9.576679229736328,1.1071869134902954,14.079999923706055,4.0
-,26-mar-2019 21:35:36.750,-,-,-,-,-,-,0.38307226,5.1235914,8.39886,0.022644103,8.0,878.0,5.30013370513916,1.1102027893066406,14.079999923706055,4.130000114440918
-,26-mar-2019 21:35:37.750,-,-,-,-,-,-,0.34476504,5.0661306,8.360553,0.01612413,4.0,859.25,2.918606996536255,1.111581563949585,14.079999923706055,3.75
-,26-mar-2019 21:35:38.750,-,-,-,-,-,-,0.1436521,6.5026517,7.144298,0.003870368,0.0,825.0,0.0,1.1118513345718384,14.079999923706055,3.6600000858306885
-,26-mar-2019 21:35:39.749,-,-,-,-,-,-,-0.90979666,6.5218053,8.37013,0.10461849,0.0,809.25,0.0,1.1118513345718384,14.0,3.619999885559082
-,26-mar-2019 21:35:40.750,-,-,-,-,-,-,2.0398598,5.506664,7.8146744,0.015447199,0.0,775.0,0.0,1.1118513345718384,14.0,3.5899999141693115
-,26-mar-2019 21:35:41.750,-,-,-,-,-,-,0.8714894,6.1100025,7.7667904,0.030255377,0.0,762.5,0.0,1.1118513345718384,14.0,3.509999990463257
-,26-mar-2019 21:35:42.750,-,-,-,-,-,-,2.2601264,4.9799395,7.374141,-0.045145154,0.0,746.75,0.0,1.1118513345718384,14.0,3.4700000286102295
-,26-mar-2019 21:35:43.750,-,-,-,-,-,-,0.8331822,6.0142345,7.8625584,0.03164357,0.0,740.5,0.0,1.1118513345718384,14.079999923706055,3.4800000190734863
-,26-mar-2019 21:35:44.749,-,-,-,-,-,-,1.4269443,5.4779334,7.9487495,0.013740897,0.0,715.5,0.0,1.1118513345718384,14.079999923706055,3.5999999046325684
-,26-mar-2019 21:35:45.749,-,-,-,-,-,-,0.9768343,5.9759274,7.785944,0.024444282,0.0,706.25,0.0,1.1118513345718384,14.079999923706055,3.509999990463257
-,26-mar-2019 21:35:46.749,-,-,-,-,-,-,0.59376204,6.339846,7.6231384,0.031507194,0.0,746.75,0.0,1.1118513345718384,14.0,3.549999952316284
-,26-mar-2019 21:35:47.750,-,-,-,-,-,-,0.2873042,6.5601125,7.3071036,0.020429194,0.0,743.75,0.0,1.1118513345718384,14.079999923706055,3.4200000762939453
-,26-mar-2019 21:35:48.750,-,-,-,-,-,-,-0.1340753,6.5984197,7.565677,0.04241997,0.0,731.25,0.0,1.1118513345718384,14.079999923706055,3.390000104904175
-,26-mar-2019 21:35:49.750,-,-,-,-,-,-,0.59376204,6.215348,7.680599,0.027992547,0.0,715.5,0.0,1.1118513345718384,14.079999923706055,3.390000104904175
-,26-mar-2019 21:35:50.749,-,-,-,-,-,-,0.40222588,6.301539,7.422025,0.01233542,0.0,971.75,0.0,1.1118513345718384,14.079999923706055,6.800000190734863
-,26-mar-2019 21:35:51.749,-,-,-,-,-,-,0.5267244,7.2304893,6.7708025,0.030186236,2.0,1534.25,0.4288705289363861,1.1118513345718384,14.079999923706055,12.760000228881836
-,26-mar-2019 21:35:52.750,-,-,-,-,-,-,0.60333884,7.9391727,5.803545,0.023352206,8.0,1553.0,1.1981145143508911,1.1130735874176025,14.079999923706055,18.270000457763672
-,26-mar-2019 21:35:53.750,-,-,-,-,-,-,0.5363012,7.7093296,6.1195793,0.023843586,16.0,2075.0,1.7490652799606323,1.116560935974121,14.079999923706055,25.030000686645508
-,26-mar-2019 21:35:54.750,-,-,-,-,-,-,0.9768343,5.209783,7.699753,-0.028110445,20.0,2312.5,8.342055320739746,1.1215934753417969,14.079999923706055,6.559999942779541
-,26-mar-2019 21:35:55.750,-,-,-,-,-,-,0.7182605,5.439626,7.843405,-0.005254388,20.0,1453.0,6.714587211608887,1.126999020576477,14.079999923706055,8.149999618530273
-,26-mar-2019 21:35:56.749,-,-,-,-,-,-,0.6799533,6.5026517,5.793968,-0.09048492,22.0,1618.75,3.989149808883667,1.132867455482483,14.0,15.09000015258789
-,26-mar-2019 21:35:57.749,-,-,-,-,-,-,0.4213795,7.038953,7.345411,0.056952298,26.0,1893.75,3.37001633644104,1.1387284994125366,14.0,21.110000610351562
-,26-mar-2019 21:35:58.750,-,-,-,-,-,-,1.4652514,7.431602,6.799533,0.056600988,30.0,2162.5,3.379507541656494,1.1461423635482788,14.0,22.670000076293945
-,26-mar-2019 21:35:59.750,-,-,-,-,-,-,1.0055647,7.5848308,6.9144545,0.07023722,34.0,2450.0,2.9480879306793213,1.1546870470046997,14.0,29.700000762939453
-,26-mar-2019 21:36:00.750,-,-,-,-,-,-,0.7469909,5.9567738,6.694188,-0.06440002,36.0,2437.5,13.58661937713623,1.1648693084716797,14.0,7.25
-,26-mar-2019 21:36:01.750,-,-,-,-,-,-,0.2681506,6.2345014,7.5561004,0.017957509,34.0,1828.0,11.74628734588623,1.1740676164627075,14.079999923706055,7.920000076293945
-,26-mar-2019 21:36:02.750,-,-,-,-,-,-,0.35434186,6.588843,8.6574335,0.12861174,36.0,1825.0,10.848346710205078,1.183144450187683,14.079999923706055,9.079999923706055
-,26-mar-2019 21:36:03.750,-,-,-,-,-,-,0.8619126,6.167464,7.73806,0.031505287,36.0,1812.5,11.467169761657715,1.1938344240188599,14.079999923706055,8.59000015258789
-,26-mar-2019 21:36:04.750,-,-,-,-,-,-,0.6703765,6.0716953,7.4507556,0.0011367798,36.0,1815.5,11.534307479858398,1.2032742500305176,14.079999923706055,8.539999961853027
-,26-mar-2019 21:36:05.749,-,-,-,-,-,-,1.1492168,6.244078,8.2169,0.077507794,36.0,1834.25,10.568990707397461,1.2129039764404297,14.079999923706055,9.319999694824219
-,26-mar-2019 21:36:06.750,-,-,-,-,-,-,1.0151415,6.2249246,7.747637,0.037379086,36.0,1843.75,12.64479923248291,1.222753882408142,14.079999923706055,7.789999961853027
-,26-mar-2019 21:36:07.750,-,-,-,-,-,-,1.283292,5.9663506,7.5082164,0.0053009987,36.0,1828.0,15.836493492126465,1.2316938638687134,14.079999923706055,6.21999979019165
-,26-mar-2019 21:36:08.750,-,-,-,-,-,-,0.842759,5.9663506,7.642292,0.01105088,34.0,1790.5,17.619430541992188,1.2416623830795288,14.079999923706055,5.28000020980835
-,26-mar-2019 21:36:09.750,-,-,-,-,-,-,1.0247183,5.7748146,6.7133417,-0.07228917,34.0,1734.25,18.3131103515625,1.2515695095062256,14.079999923706055,5.079999923706055
-,26-mar-2019 21:36:10.750,-,-,-,-,-,-,0.5363012,5.851429,7.3549876,-0.021370888,34.0,837.5,27.201929092407227,1.261316180229187,14.079999923706055,3.4200000762939453
-,26-mar-2019 21:36:11.750,-,-,-,-,-,-,0.5746084,5.851429,8.848969,0.10199708,32.0,1928.0,16.741531372070312,1.2691681385040283,14.079999923706055,5.230000019073486
-,26-mar-2019 21:36:12.750,-,-,-,-,-,-,0.51714754,5.66947,7.833828,0.0061523914,28.0,2059.25,13.730006217956543,1.2774436473846436,14.079999923706055,5.579999923706055
-,26-mar-2019 21:36:13.749,-,-,-,-,-,-,0.60333884,5.583278,7.920019,0.008699298,26.0,1903.0,13.029495239257812,1.2849522829055786,14.0,5.460000038146973
-,26-mar-2019 21:36:14.750,-,-,-,-,-,-,-0.2873042,5.66947,7.929596,0.013100266,24.0,1753.0,14.432671546936035,1.2918009757995605,14.0,4.550000190734863
-,26-mar-2019 21:36:15.750,-,-,-,-,-,-,1.5035586,5.257667,8.178593,0.021889865,20.0,1534.25,14.264519691467285,1.2980544567108154,14.0,4.21999979019165
-,26-mar-2019 21:36:16.750,-,-,-,-,-,-,-0.18195933,6.1100025,7.7189064,0.022685468,18.0,1178.0,17.589818954467773,1.3037326335906982,14.0,2.799999952316284
-,26-mar-2019 21:36:17.750,-,-,-,-,-,-,1.8387469,4.7788267,8.379706,0.020046532,16.0,787.5,7.859803199768066,1.3084936141967773,14.079999923706055,5.570000171661377
-,26-mar-2019 21:36:18.750,-,-,-,-,-,-,1.4077905,4.223372,10.582372,0.18930072,10.0,1037.5,6.499273300170898,1.3118549585342407,14.079999923706055,4.210000038146973
-,26-mar-2019 21:36:19.750,-,-,-,-,-,-,-1.1587936,5.2002063,8.724471,0.061057985,4.0,803.0,2.8651247024536133,1.31351637840271,14.079999923706055,3.819999933242798
-,26-mar-2019 21:36:20.750,-,-,-,-,-,-,-0.29688102,5.353435,7.5561004,-0.036545515,0.0,843.75,1.2815897464752197,1.3143410682678223,14.079999923706055,4.269999980926514
-,26-mar-2019 21:36:21.750,-,-,-,-,-,-,-0.4405331,6.090849,7.920019,0.038465917,0.0,837.5,0.0,1.3143410682678223,14.079999923706055,3.799999952316284
-,26-mar-2019 21:36:22.750,-,-,-,-,-,-,-0.22026655,5.9280434,7.8912888,0.025352418,0.0,831.25,0.0,1.3143410682678223,14.079999923706055,3.5999999046325684
-,26-mar-2019 21:36:23.749,-,-,-,-,-,-,-0.4309563,6.1770406,7.6135616,0.019372761,0.0,809.25,0.0,1.3143410682678223,14.079999923706055,3.619999885559082
-,26-mar-2019 21:36:24.750,-,-,-,-,-,-,0.545878,6.090849,7.8625584,0.034365475,0.0,796.75,0.0,1.3143410682678223,14.0,3.630000114440918
-,26-mar-2019 21:36:25.750,-,-,-,-,-,-,0.50757074,5.9759274,7.7093296,0.014662623,0.0,768.75,0.0,1.3143410682678223,14.0,3.5299999713897705
-,26-mar-2019 21:36:26.750,-,-,-,-,-,-,0.39264908,5.93762,8.054094,0.039783537,0.0,743.75,0.0,1.3143410682678223,14.0,3.430000066757202
-,26-mar-2019 21:36:27.750,-,-,-,-,-,-,0.4309563,5.9567738,8.0445175,0.040318906,0.0,731.25,0.0,1.3143410682678223,14.079999923706055,3.5399999618530273
-,26-mar-2019 21:36:28.751,-,-,-,-,-,-,0.37349546,5.995081,7.651869,0.010628581,0.0,725.0,0.0,1.3143410682678223,14.079999923706055,3.630000114440918
-,26-mar-2019 21:36:29.750,-,-,-,-,-,-,0.45968673,5.9567738,7.833828,0.023288667,0.0,721.75,0.0,1.3143410682678223,14.0,3.569999933242798
-,26-mar-2019 21:36:30.749,-,-,-,-,-,-,0.38307226,6.0525417,7.536947,0.005132854,0.0,743.75,0.0,1.3143410682678223,14.0,3.5199999809265137
-,26-mar-2019 21:36:31.750,-,-,-,-,-,-,2.4995465,5.6120086,7.422025,0.0011377931,0.0,734.25,0.0,1.3143410682678223,14.0,3.549999952316284
-,26-mar-2019 21:36:32.750,-,-,-,-,-,-,-0.16280572,8.236053,3.620033,-0.06377435,0.0,728.0,0.0,1.3143410682678223,13.920000076293945,3.5199999809265137
-,26-mar-2019 21:36:33.750,-,-,-,-,-,-,2.27928,6.4068837,7.153875,0.025138319,0.0,743.75,0.0,1.3143410682678223,14.0,3.630000114440918
-,26-mar-2019 21:36:34.750,-,-,-,-,-,-,2.5761611,6.2728086,7.144298,0.023094118,0.0,728.0,0.0,1.3143410682678223,14.0,4.300000190734863
-,26-mar-2019 21:36:35.750,-,-,-,-,-,-,1.2162545,7.28795,6.7133417,0.036646068,0.0,903.0,0.0,1.3143410682678223,14.0,7.050000190734863
-,26-mar-2019 21:36:36.750,-,-,-,-,-,-,0.60333884,7.603985,6.579266,0.045839727,6.0,965.5,1.3545515537261963,1.3152488470077515,14.0,12.119999885559082
-,26-mar-2019 21:36:37.750,-,-,-,-,-,-,0.6703765,8.101978,6.090849,0.054498732,12.0,1646.75,1.838428258895874,1.3177835941314697,14.0,17.860000610351562
-,26-mar-2019 21:36:38.750,-,-,-,-,-,-,1.3120226,5.5737014,8.791509,0.08850199,14.0,2056.25,6.269511699676514,1.3214902877807617,14.0,6.110000133514404
-,26-mar-2019 21:36:39.750,-,-,-,-,-,-,2.834735,4.7022123,7.699753,-0.016995251,14.0,993.75,9.822235107421875,1.3252429962158203,14.0,3.9000000953674316
-,26-mar-2019 21:36:40.749,-,-,-,-,-,-,-1.2737153,6.8761473,7.5465236,0.06777936,14.0,1087.5,4.974898338317871,1.3289997577667236,14.079999923706055,7.699999809265137
-,26-mar-2019 21:36:41.749,-,-,-,-,-,-,4.462792,5.1810527,8.580819,0.13747603,16.0,1196.75,4.189388275146484,1.333440899848938,14.0,10.449999809265137
-,26-mar-2019 21:36:42.749,-,-,-,-,-,-,1.3503298,7.2687964,6.3781533,0.0143314,20.0,1543.75,2.747182846069336,1.3385632038116455,14.079999923706055,19.920000076293945
-,26-mar-2019 21:36:43.750,-,-,-,-,-,-,-0.5554548,8.082825,6.129156,0.054585278,26.0,1931.25,2.9228038787841797,1.344868779182434,14.079999923706055,24.34000015258789
-,26-mar-2019 21:36:44.749,-,-,-,-,-,-,-0.11492168,6.4068837,7.0102224,-0.012844145,30.0,2200.0,5.91396427154541,1.3522180318832397,14.0,13.880000114440918
-,26-mar-2019 21:36:45.750,-,-,-,-,-,-,1.388637,5.2768207,8.868123,0.08040017,30.0,1562.5,12.766069412231445,1.3604180812835693,13.920000076293945,6.429999828338623
-,26-mar-2019 21:36:46.750,-,-,-,-,-,-,1.3503298,5.6790466,7.833828,0.014875114,30.0,1512.5,20.268102645874023,1.3683098554611206,14.0,4.050000190734863
-,26-mar-2019 21:36:47.749,-,-,-,-,-,-,0.15322891,6.339846,7.1251445,-0.008666098,28.0,1453.0,9.936891555786133,1.376093864440918,14.0,7.710000038146973
-,26-mar-2019 21:36:48.750,-,-,-,-,-,-,1.2641385,6.7803793,6.943185,0.016624331,30.0,1556.25,4.417966842651367,1.3835911750793457,14.0,18.579999923706055
-,26-mar-2019 21:36:49.750,-,-,-,-,-,-,0.30645782,6.9623384,5.7269306,-0.061499536,34.0,1734.25,3.7986209392547607,1.3933078050613403,14.0,23.049999237060547
-,26-mar-2019 21:36:50.750,-,-,-,-,-,-,-0.5267244,7.9391727,7.642292,0.14360136,38.0,1912.5,3.4598872661590576,1.4027354717254639,13.920000076293945,28.469999313354492
-,26-mar-2019 21:36:51.750,-,-,-,-,-,-,-1.8387469,7.1730285,7.038953,0.060453832,40.0,2075.0,7.740294456481934,1.4135938882827759,14.0,14.140000343322754
-,26-mar-2019 21:36:52.750,-,-,-,-,-,-,0.7565677,5.544971,7.4507556,-0.031110644,40.0,1571.75,16.70958137512207,1.4243272542953491,14.0,6.550000190734863
-,26-mar-2019 21:36:53.749,-,-,-,-,-,-,-0.545878,6.397307,8.073248,0.07048601,40.0,1528.0,13.942390441894531,1.434682846069336,14.0,7.849999904632568
-,26-mar-2019 21:36:54.750,-,-,-,-,-,-,1.7046716,5.3725886,7.7093296,-0.007493615,40.0,1537.5,16.70958137512207,1.4459718465805054,14.0,6.550000190734863
-,26-mar-2019 21:36:55.750,-,-,-,-,-,-,0.8810662,5.650316,8.647857,0.075843036,38.0,1493.75,25.421852111816406,1.4563363790512085,14.079999923706055,4.090000152587891
-,26-mar-2019 21:36:56.751,-,-,-,-,-,-,0.37349546,5.5258174,7.967903,0.008163273,36.0,1428.0,27.5067138671875,1.4673285484313965,14.079999923706055,3.7799999713897705
-,26-mar-2019 21:36:57.751,-,-,-,-,-,-,1.4939818,4.5394063,7.9583263,-0.034725904,36.0,1078.0,17.012605667114258,1.476428747177124,14.079999923706055,5.789999961853027
-,26-mar-2019 21:36:58.749,-,-,-,-,-,-,1.2545617,4.4723687,8.983045,0.04987842,32.0,1659.25,20.952836990356445,1.4863169193267822,14.079999923706055,4.440000057220459
-,26-mar-2019 21:36:59.749,-,-,-,-,-,-,1.043872,4.9320555,8.015787,-0.015729725,28.0,1000.0,23.646121978759766,1.494828224182129,14.079999923706055,3.240000009536743
-,26-mar-2019 21:37:00.750,-,-,-,-,-,-,0.89064306,4.414908,8.7053175,0.018122077,22.0,968.75,9.28954792022705,1.501420021057129,14.079999923706055,6.480000019073486
-,26-mar-2019 21:37:01.750,-,-,-,-,-,-,-1.7525556,8.580819,7.086837,0.16743082,20.0,1209.25,16.483097076416016,1.507129430770874,14.0,3.319999933242798
-,26-mar-2019 21:37:02.750,-,-,-,-,-,-,1.2162545,7.7572136,8.082825,0.16770464,20.0,1603.0,5.803168773651123,1.5120577812194824,14.0,9.430000305175781
-,26-mar-2019 21:37:03.750,-,-,-,-,-,-,2.8538885,5.497087,8.523358,0.0930205,22.0,1700.0,2.8129098415374756,1.5182433128356934,14.0,21.399999618530273
-,26-mar-2019 21:37:04.750,-,-,-,-,-,-,0.35434186,7.565677,6.042965,0.0066957474,28.0,2090.5,3.164536952972412,1.5251586437225342,14.0,24.209999084472656
-,26-mar-2019 21:37:05.749,-,-,-,-,-,-,2.8538885,5.094861,8.39886,0.061764777,30.0,2206.25,13.112751007080078,1.533161997795105,14.0,6.260000228881836
-,26-mar-2019 21:37:06.750,-,-,-,-,-,-,1.1109096,5.104438,8.552089,0.040545166,28.0,2087.5,13.324075698852539,1.5418471097946167,14.0,5.75
-,26-mar-2019 21:37:07.750,-,-,-,-,-,-,1.541866,4.1946416,8.781932,0.023450911,24.0,1790.5,12.228800773620605,1.5488485097885132,14.0,5.369999885559082
-,26-mar-2019 21:37:08.750,-,-,-,-,-,-,0.19153613,6.3206925,8.130709,0.06897992,18.0,1334.25,14.401021003723145,1.554495096206665,14.079999923706055,3.4200000762939453
-,26-mar-2019 21:37:09.749,-,-,-,-,-,-,2.7868507,6.3111157,10.505757,0.30019444,16.0,1221.75,12.366979598999023,1.5590786933898926,14.079999923706055,3.5399999618530273
-,26-mar-2019 21:37:10.749,-,-,-,-,-,-,1.8195933,6.2249246,10.793061,0.30255705,14.0,1137.5,5.830550670623779,1.5634503364562988,14.079999923706055,6.570000171661377
-,26-mar-2019 21:37:11.749,-,-,-,-,-,-,2.078167,5.5162406,6.339846,-0.0985468,18.0,1328.0,2.2717478275299072,1.5677011013031006,14.0,21.68000030517578
-,26-mar-2019 21:37:12.749,-,-,-,-,-,-,-0.009576807,8.283937,5.947197,0.05851978,26.0,1896.75,1.9405632019042969,1.5735397338867188,14.079999923706055,33.84000015258789
-,26-mar-2019 21:37:13.750,-,-,-,-,-,-,-0.20111294,8.149862,6.4643445,0.079576075,34.0,2478.0,2.063591957092285,1.5819318294525146,14.079999923706055,42.43000030517578
-,26-mar-2019 21:37:14.750,-,-,-,-,-,-,0.8810662,5.631162,7.8912888,0.011294365,38.0,2840.5,12.836465835571289,1.5910578966140747,14.079999923706055,8.100000381469727
-,26-mar-2019 21:37:15.750,-,-,-,-,-,-,1.5993267,6.167464,7.52737,0.024288833,40.0,2043.75,4.754464149475098,1.6021612882614136,14.079999923706055,23.020000457763672
-,26-mar-2019 21:37:16.749,-,-,-,-,-,-,1.2545617,5.104438,7.5561004,-0.04271698,42.0,2121.75,18.24129295349121,1.6125926971435547,14.079999923706055,6.300000190734863
-,26-mar-2019 21:37:17.750,-,-,-,-,-,-,2.2984335,4.280833,8.111555,-0.017141104,40.0,2053.0,19.302955627441406,1.6238478422164917,14.0,5.670000076293945
-,26-mar-2019 21:37:18.750,-,-,-,-,-,-,1.7525556,4.8458643,8.379706,0.021787226,36.0,1850.0,18.48086166381836,1.6355570554733276,14.079999923706055,5.329999923706055
-,26-mar-2019 21:37:19.749,-,-,-,-,-,-,2.6240451,4.7884035,8.523358,0.05084032,34.0,1771.75,19.102792739868164,1.6450823545455933,14.0,4.869999885559082
-,26-mar-2019 21:37:20.749,-,-,-,-,-,-,3.3806129,4.10845,9.749189,0.1511622,34.0,1684.25,14.095545768737793,1.6539603471755981,14.0,6.599999904632568
-,26-mar-2019 21:37:21.749,-,-,-,-,-,-,-3.9552212,11.884817,8.599973,0.5678094,34.0,1762.5,5.540833473205566,1.6630460023880005,14.0,16.790000915527344
-,26-mar-2019 21:37:22.750,-,-,-,-,-,-,1.3982137,5.889736,8.580819,0.08945507,36.0,1840.5,9.345634460449219,1.6724352836608887,14.0,10.539999961853027
-,26-mar-2019 21:37:23.750,-,-,-,-,-,-,1.5035586,5.631162,6.9144545,-0.059160173,36.0,1868.75,12.77600383758545,1.6828850507736206,13.920000076293945,7.710000038146973
-,26-mar-2019 21:37:24.750,-,-,-,-,-,-,1.043872,5.985504,7.383718,-0.006262362,36.0,1856.25,16.14803123474121,1.6928051710128784,14.079999923706055,6.099999904632568
-,26-mar-2019 21:37:25.749,-,-,-,-,-,-,1.7046716,5.3247046,7.6231384,-0.017329931,34.0,1803.0,20.393993377685547,1.7024725675582886,14.079999923706055,4.829999923706055
-,26-mar-2019 21:37:26.750,-,-,-,-,-,-,2.0207062,2.9783869,8.8777,-0.0044923425,32.0,1587.5,20.79767417907715,1.7108551263809204,14.079999923706055,4.210000038146973
-,26-mar-2019 21:37:27.750,-,-,-,-,-,-,1.8962077,4.3382936,8.829816,0.040313303,20.0,703.0,16.402254104614258,1.7187440395355225,14.079999923706055,3.6700000762939453
-,26-mar-2019 21:37:28.750,-,-,-,-,-,-,1.8004397,4.663905,8.532935,0.02711612,16.0,1028.0,7.561158180236816,1.7233811616897583,14.079999923706055,5.789999961853027
-,26-mar-2019 21:37:29.750,-,-,-,-,-,-,0.92895025,4.003105,9.299079,0.05535513,10.0,959.25,8.419058799743652,1.7270002365112305,14.079999923706055,3.9000000953674316
-,26-mar-2019 21:37:30.749,-,-,-,-,-,-,0.4309563,5.535394,8.101978,0.020205915,2.0,800.0,2.722581148147583,1.728827953338623,14.079999923706055,4.019999980926514
-,26-mar-2019 21:37:31.749,-,-,-,-,-,-,-0.12449849,6.531382,7.335834,0.020312607,0.0,856.25,0.0,1.7289596796035767,14.079999923706055,3.809999942779541
-,26-mar-2019 21:37:32.749,-,-,-,-,-,-,0.6895301,6.1866174,7.6614456,0.02527386,0.0,825.0,0.0,1.7289596796035767,14.079999923706055,3.6700000762939453
-,26-mar-2019 21:37:33.750,-,-,-,-,-,-,0.63206923,6.2632318,7.536947,0.020023167,0.0,812.5,0.0,1.7289596796035767,14.079999923706055,3.6500000953674316
-,26-mar-2019 21:37:34.749,-,-,-,-,-,-,0.47884035,6.6367273,7.1155677,0.012069166,0.0,790.5,0.0,1.7289596796035767,14.079999923706055,3.5199999809265137
-,26-mar-2019 21:37:35.749,-,-,-,-,-,-,0.4213795,6.4068837,6.9623384,-0.015556455,0.0,762.5,0.0,1.7289596796035767,14.079999923706055,3.430000066757202
-,26-mar-2019 21:37:36.749,-,-,-,-,-,-,0.63206923,6.2345014,7.52737,0.017407358,0.0,731.25,0.0,1.7289596796035767,13.920000076293945,3.440000057220459
-,26-mar-2019 21:37:37.750,-,-,-,-,-,-,0.62249243,6.215348,7.642292,0.025145948,0.0,734.25,0.0,1.7289596796035767,14.0,3.559999942779541
-,26-mar-2019 21:37:38.749,-,-,-,-,-,-,0.49799395,6.301539,7.6231384,0.028481185,0.0,715.5,0.0,1.7289596796035767,13.920000076293945,3.490000009536743
-,26-mar-2019 21:37:39.749,-,-,-,-,-,-,0.60333884,6.2823853,7.536947,0.02108556,0.0,712.5,0.0,1.7289596796035767,14.0,3.509999990463257
-,26-mar-2019 21:37:40.750,-,-,-,-,-,-,0.58418524,6.291962,7.680599,0.03285688,0.0,718.75,0.0,1.7289596796035767,14.0,3.4100000858306885
-,26-mar-2019 21:37:41.750,-,-,-,-,-,-,0.47884035,6.3111157,7.536947,0.022262275,0.0,696.75,0.0,1.7289596796035767,14.0,3.259999990463257
-,26-mar-2019 21:37:42.749,-,-,-,-,-,-,0.5363012,6.301539,7.52737,0.02119118,0.0,690.5,0.0,1.7289596796035767,14.0,3.3299999237060547
-,26-mar-2019 21:37:43.749,-,-,-,-,-,-,0.7086837,6.196194,7.5561004,0.01771897,0.0,671.75,0.0,1.7289596796035767,14.0,3.25
-,26-mar-2019 21:37:44.750,-,-,-,-,-,-,0.62249243,6.2632318,7.489063,0.016219199,0.0,693.75,0.0,1.7289596796035767,14.0,3.3299999237060547
-,26-mar-2019 21:37:45.749,-,-,-,-,-,-,0.4405331,6.3302693,7.5944076,0.027821004,0.0,703.0,0.0,1.7289596796035767,14.0,3.4600000381469727
-,26-mar-2019 21:37:46.749,-,-,-,-,-,-,0.7182605,6.205771,7.517793,0.015401304,0.0,684.25,0.0,1.7289596796035767,14.0,3.440000057220459
-,26-mar-2019 21:37:47.749,-,-,-,-,-,-,0.6607997,6.2728086,7.517793,0.019342244,0.0,709.25,0.0,1.7289596796035767,14.0,3.3399999141693115
-,26-mar-2019 21:37:48.751,-,-,-,-,-,-,0.48841715,6.244078,7.52737,0.017191648,0.0,693.75,0.0,1.7289596796035767,14.0,3.369999885559082
-,26-mar-2019 21:37:49.749,-,-,-,-,-,-,0.4309563,6.196194,7.5561004,0.016071081,0.0,715.5,0.0,1.7289596796035767,14.0,3.4000000953674316
-,26-mar-2019 21:37:50.749,-,-,-,-,-,-,0.5363012,6.291962,7.52737,0.020565689,0.0,703.0,0.0,1.7289596796035767,13.920000076293945,3.440000057220459
-,26-mar-2019 21:37:51.749,-,-,-,-,-,-,0.45968673,6.244078,7.5944076,0.022313178,0.0,715.5,0.0,1.7289596796035767,14.0,3.4700000286102295
-,26-mar-2019 21:37:52.749,-,-,-,-,-,-,0.5650316,6.742072,7.0964136,0.018468738,0.0,1284.25,0.0,1.7289596796035767,13.920000076293945,9.020000457763672
-,26-mar-2019 21:37:53.749,-,-,-,-,-,-,0.58418524,7.699753,6.215348,0.029450357,4.0,1506.25,0.7517016530036926,1.729273796081543,13.920000076293945,14.5600004196167
-,26-mar-2019 21:37:54.750,-,-,-,-,-,-,0.1436521,7.6614456,6.483498,0.04220444,12.0,1459.25,2.0611631870269775,1.7313761711120605,13.920000076293945,15.930000305175781
-,26-mar-2019 21:37:55.749,-,-,-,-,-,-,1.5035586,6.493075,8.494628,0.11963147,18.0,2171.75,2.8436198234558105,1.7353044748306274,13.920000076293945,15.729999542236328
-,26-mar-2019 21:37:56.750,-,-,-,-,-,-,4.0318356,5.142745,7.4507556,0.029240906,16.0,1971.75,5.332412242889404,1.7396193742752075,13.920000076293945,8.210000038146973
-,26-mar-2019 21:37:57.750,-,-,-,-,-,-,2.4995465,6.205771,7.5561004,0.047774017,18.0,1340.5,4.847588062286377,1.74454665184021,14.0,10.15999984741211
-,26-mar-2019 21:37:58.749,-,-,-,-,-,-,3.7924154,6.8665705,6.8091097,0.07784897,22.0,1681.25,2.2394447326660156,1.750041127204895,14.0,26.8799991607666
-,26-mar-2019 21:37:59.749,-,-,-,-,-,-,1.541866,8.159439,7.728483,0.17535716,28.0,2181.25,2.352992296218872,1.7565604448318481,14.0,32.560001373291016
-,26-mar-2019 21:38:00.750,-,-,-,-,-,-,1.2258313,5.861006,7.9583263,0.034226,34.0,2437.5,11.19501781463623,1.7658812999725342,14.0,8.3100004196167
-,26-mar-2019 21:38:01.750,-,-,-,-,-,-,0.8523358,6.3589997,7.9870567,0.06332451,34.0,1718.75,10.223142623901367,1.774560570716858,14.0,9.100000381469727
-,26-mar-2019 21:38:02.750,-,-,-,-,-,-,-0.7086837,8.226477,6.3111157,0.078394234,34.0,1812.5,4.850396156311035,1.78396737575531,14.0,19.18000030517578
-,26-mar-2019 21:38:03.750,-,-,-,-,-,-,0.842759,6.9144545,7.3645644,0.052323043,38.0,1937.5,4.743402004241943,1.7942472696304321,14.079999923706055,21.920000076293945
-,26-mar-2019 21:38:04.749,-,-,-,-,-,-,3.6008794,3.323152,11.070788,0.2531175,40.0,2056.25,7.548121452331543,1.8044331073760986,14.0,14.5
-,26-mar-2019 21:38:05.749,-,-,-,-,-,-,-0.8619126,6.435614,8.178593,0.08349246,40.0,1418.75,27.77861976623535,1.8157107830047607,14.0,3.940000057220459
-,26-mar-2019 21:38:06.749,-,-,-,-,-,-,0.49799395,5.813122,5.9759274,-0.1296472,40.0,1509.25,12.339094161987305,1.825755000114441,14.079999923706055,8.869999885559082
-,26-mar-2019 21:38:07.750,-,-,-,-,-,-,1.0055647,6.291962,7.9104424,0.054424226,40.0,1518.75,11.318279266357422,1.8367772102355957,14.0,9.670000076293945
-,26-mar-2019 21:38:08.750,-,-,-,-,-,-,0.545878,6.129156,7.374141,-0.0019688606,40.0,1521.75,11.460498809814453,1.8480992317199707,14.079999923706055,9.550000190734863
-,26-mar-2019 21:38:09.750,-,-,-,-,-,-,0.78529817,6.14831,9.078813,0.13957816,40.0,1506.25,19.684850692749023,1.8583437204360962,14.0,5.559999942779541
-,26-mar-2019 21:38:10.750,-,-,-,-,-,-,-1.4460979,8.39886,7.843405,0.19966859,38.0,1493.75,31.99242401123047,1.869053840637207,14.0,3.25
-,26-mar-2019 21:38:11.749,-,-,-,-,-,-,0.32561144,5.899313,7.4986396,-0.007850528,36.0,1418.75,32.72524642944336,1.8791548013687134,14.0,3.009999990463257
-,26-mar-2019 21:38:12.749,-,-,-,-,-,-,0.45010993,5.6886234,8.322245,0.047616422,34.0,1350.0,32.834327697753906,1.8890337944030762,14.0,3.0
-,26-mar-2019 21:38:13.750,-,-,-,-,-,-,0.24899697,6.301539,7.4986396,0.017777681,34.0,1331.25,13.761922836303711,1.897892713546753,14.0,6.760000228881836
-,26-mar-2019 21:38:14.750,-,-,-,-,-,-,-2.7389667,7.4986396,4.999093,-0.02083081,34.0,1337.5,13.885164260864258,1.907658576965332,14.0,6.699999809265137
-,26-mar-2019 21:38:15.750,-,-,-,-,-,-,-0.009576807,6.215348,7.144298,-0.015708447,34.0,1334.25,10.754982948303223,1.916243553161621,14.0,8.649999618530273
-,26-mar-2019 21:38:16.750,-,-,-,-,-,-,1.0247183,6.0142345,8.111555,0.053637803,36.0,1356.25,9.390180587768555,1.926185965538025,14.0,10.489999771118164
-,26-mar-2019 21:38:17.749,-,-,-,-,-,-,0.5267244,6.6367273,7.4986396,0.04118353,36.0,1390.5,8.229154586791992,1.9359458684921265,14.0,11.970000267028809
-,26-mar-2019 21:38:18.749,-,-,-,-,-,-,0.9959879,6.3111157,7.201759,3.8987398E-4,38.0,1456.25,7.126482009887695,1.9457861185073853,14.079999923706055,14.59000015258789
-,26-mar-2019 21:38:19.750,-,-,-,-,-,-,-0.34476504,6.483498,8.992621,0.14963418,36.0,1287.5,31.57147216796875,1.9560625553131104,14.0,3.119999885559082
-,26-mar-2019 21:38:20.750,-,-,-,-,-,-,0.9672575,5.583278,8.149862,0.030841887,36.0,1071.75,15.660252571105957,1.9653525352478027,14.0,6.289999961853027
-,26-mar-2019 21:38:21.750,-,-,-,-,-,-,1.4173675,5.707777,7.9966335,0.030867398,34.0,1778.0,17.72011375427246,1.9749096632003784,14.079999923706055,5.25
-,26-mar-2019 21:38:22.749,-,-,-,-,-,-,1.4652514,5.449203,7.920019,0.010292649,34.0,1712.5,22.045166015625,1.9841558933258057,14.0,4.21999979019165
-,26-mar-2019 21:38:23.749,-,-,-,-,-,-,0.25857377,5.765238,8.437167,0.06100458,32.0,1621.75,24.18735122680664,1.993203043937683,14.0,3.619999885559082
-,26-mar-2019 21:38:24.749,-,-,-,-,-,-,0.9576807,5.267244,8.2169,0.01870042,30.0,1543.75,23.386274337768555,2.0013132095336914,14.079999923706055,3.509999990463257
-,26-mar-2019 21:38:25.751,-,-,-,-,-,-,1.3024458,5.1906295,8.63828,0.054844797,28.0,1421.75,24.874492645263672,2.0095529556274414,14.079999923706055,3.0799999237060547
-,26-mar-2019 21:38:26.750,-,-,-,-,-,-,1.6280571,4.9799395,8.676587,0.052206337,24.0,659.25,16.499662399291992,2.0161871910095215,14.0,3.9800000190734863
-,26-mar-2019 21:38:27.750,-,-,-,-,-,-,1.0247183,5.554548,7.536947,-0.020905733,18.0,1228.0,11.400808334350586,2.0217936038970947,14.0,4.320000171661377
-,26-mar-2019 21:38:28.749,-,-,-,-,-,-,1.043872,5.161899,8.312668,0.022108376,14.0,809.25,11.823060989379883,2.026500940322876,14.0,3.240000009536743
-,26-mar-2019 21:38:29.749,-,-,-,-,-,-,0.8331822,4.711789,8.695741,0.030750573,10.0,815.5,6.232788562774658,2.029627799987793,13.920000076293945,4.389999866485596
-,26-mar-2019 21:38:30.750,-,-,-,-,-,-,0.19153613,5.746084,8.2169,0.04127723,4.0,862.5,2.715825319290161,2.0313735008239746,14.079999923706055,4.03000020980835
-,26-mar-2019 21:38:31.750,-,-,-,-,-,-,0.7469909,5.851429,8.063671,0.037450135,2.0,831.25,1.4870619773864746,2.032121419906616,14.0,3.680000066757202
-,26-mar-2019 21:38:32.749,-,-,-,-,-,-,0.41180268,6.703765,7.4124484,0.038645327,0.0,784.25,0.0,2.032212972640991,14.079999923706055,3.6500000953674316
-,26-mar-2019 21:38:33.750,-,-,-,-,-,-,0.9672575,6.157887,7.7093296,0.029609263,0.0,771.75,0.0,2.032212972640991,14.0,3.6500000953674316
-,26-mar-2019 21:38:34.750,-,-,-,-,-,-,2.030283,3.8786068,8.839393,0.024514854,0.0,759.25,0.0,2.032212972640991,14.0,3.4700000286102295
-,26-mar-2019 21:38:35.750,-,-,-,-,-,-,1.3599066,5.267244,8.341399,0.034139693,0.0,734.25,0.0,2.032212972640991,14.0,3.450000047683716
-,26-mar-2019 21:38:36.749,-,-,-,-,-,-,1.1109096,5.3438582,8.121132,0.016438484,0.0,737.5,0.0,2.032212972640991,14.0,3.490000009536743
-,26-mar-2019 21:38:37.749,-,-,-,-,-,-,1.5131354,5.793968,7.872135,0.027247965,0.0,700.0,0.0,2.032212972640991,14.0,3.509999990463257
-,26-mar-2019 21:38:38.749,-,-,-,-,-,-,1.3982137,5.765238,7.8625584,0.023027241,0.0,712.5,0.0,2.032212972640991,13.920000076293945,3.569999933242798
-,26-mar-2019 21:38:39.753,-,-,-,-,-,-,1.4556746,5.717354,7.97748,0.030423224,0.0,715.5,0.0,2.032212972640991,14.0,3.4800000190734863
-,26-mar-2019 21:38:40.749,-,-,-,-,-,-,1.3215994,5.861006,7.97748,0.037032664,0.0,734.25,0.0,2.032212972640991,14.0,3.5899999141693115
-,26-mar-2019 21:38:41.749,-,-,-,-,-,-,1.4556746,5.765238,7.824251,0.020763695,0.0,746.75,0.0,2.032212972640991,14.0,3.7200000286102295
-,26-mar-2019 21:38:42.751,-,-,-,-,-,-,1.3599066,5.7748146,7.97748,0.032428205,0.0,787.5,0.0,2.032212972640991,13.920000076293945,3.640000104904175
-,26-mar-2019 21:38:43.750,-,-,-,-,-,-,1.532289,5.765238,8.015787,0.03754562,0.0,768.75,0.0,2.032212972640991,13.920000076293945,3.5899999141693115
-,26-mar-2019 21:38:44.750,-,-,-,-,-,-,1.484405,5.6886234,7.795521,0.014302194,0.0,775.0,0.0,2.032212972640991,13.920000076293945,3.4800000190734863
-,26-mar-2019 21:38:45.749,-,-,-,-,-,-,1.2066777,5.947197,7.9583263,0.039184034,0.0,765.5,0.0,2.032212972640991,13.920000076293945,3.490000009536743
-,26-mar-2019 21:38:46.749,-,-,-,-,-,-,1.3790601,5.66947,7.967903,0.025711238,0.0,759.25,0.0,2.032212972640991,14.0,3.440000057220459
-,26-mar-2019 21:38:47.750,-,-,-,-,-,-,3.3997664,5.2959743,7.249643,-0.0023904443,0.0,746.75,0.0,2.032212972640991,14.0,3.359999895095825
-,26-mar-2019 21:38:48.750,-,-,-,-,-,-,2.3942018,5.506664,7.795521,0.022058547,0.0,715.5,0.0,2.032212972640991,13.920000076293945,3.359999895095825
-,26-mar-2019 21:38:49.750,-,-,-,-,-,-,2.3654714,5.554548,7.9104424,0.0333789,0.0,731.25,0.0,2.032212972640991,13.920000076293945,3.450000047683716
-,26-mar-2019 21:38:50.749,-,-,-,-,-,-,2.4612393,5.5258174,7.843405,0.028695881,0.0,728.0,0.0,2.032212972640991,14.0,3.4100000858306885
-,26-mar-2019 21:38:51.749,-,-,-,-,-,-,2.5091233,5.544971,7.776367,0.02561897,0.0,721.75,0.0,2.032212972640991,13.920000076293945,3.4200000762939453
-,26-mar-2019 21:38:52.749,-,-,-,-,-,-,2.4037786,5.5162406,7.920019,0.03291899,0.0,718.75,0.0,2.032212972640991,14.0,3.4700000286102295
-,26-mar-2019 21:38:53.750,-,-,-,-,-,-,2.4899697,5.45878,7.8529816,0.026409686,0.0,725.0,0.0,2.032212972640991,13.920000076293945,3.490000009536743
-,26-mar-2019 21:38:54.750,-,-,-,-,-,-,2.3175871,5.602432,7.872135,0.031868994,0.0,706.25,0.0,2.032212972640991,14.0,3.4200000762939453
-,26-mar-2019 21:38:55.750,-,-,-,-,-,-,2.480393,5.4683566,7.97748,0.03681451,0.0,718.75,0.0,2.032212972640991,13.920000076293945,3.5
-,26-mar-2019 21:38:56.749,-,-,-,-,-,-,2.4516625,5.45878,7.881712,0.027763903,0.0,715.5,0.0,2.032212972640991,14.0,3.450000047683716
-,26-mar-2019 21:38:57.750,-,-,-,-,-,-,2.3080103,5.535394,7.9008656,0.030134737,0.0,721.75,0.0,2.032212972640991,13.920000076293945,3.4600000381469727
-,26-mar-2019 21:38:58.750,-,-,-,-,-,-,2.4612393,5.506664,7.9870567,0.039254963,0.0,718.75,0.0,2.032212972640991,14.0,3.4700000286102295
-,26-mar-2019 21:38:59.750,-,-,-,-,-,-,2.1739352,5.592855,7.881712,0.028778493,0.0,700.0,0.0,2.032212972640991,13.920000076293945,3.549999952316284
-,26-mar-2019 21:39:00.749,-,-,-,-,-,-,1.9919758,5.707777,7.9104424,0.033881962,0.0,818.75,0.0,2.032212972640991,13.920000076293945,3.809999942779541
-,26-mar-2019 21:39:01.749,-,-,-,-,-,-,2.3463178,5.4779334,7.699753,0.01150614,0.0,793.75,0.0,2.032212972640991,13.920000076293945,3.559999942779541
-,26-mar-2019 21:39:02.749,-,-,-,-,-,-,2.0015526,5.707777,7.8912888,0.032527387,0.0,778.0,0.0,2.032212972640991,13.920000076293945,3.5399999618530273
-,26-mar-2019 21:39:03.750,-,-,-,-,-,-,2.327164,5.544971,7.824251,0.024932325,0.0,753.0,0.0,2.032212972640991,14.0,3.450000047683716
-,26-mar-2019 21:39:04.750,-,-,-,-,-,-,2.183512,5.6407394,7.728483,0.019410431,0.0,746.75,0.0,2.032212972640991,13.920000076293945,3.380000114440918
-,26-mar-2019 21:39:05.749,-,-,-,-,-,-,2.1930888,5.650316,7.824251,0.027889073,0.0,737.5,0.0,2.032212972640991,13.920000076293945,3.4600000381469727
-,26-mar-2019 21:39:06.750,-,-,-,-,-,-,2.135628,5.6215854,7.7572136,0.019526541,0.0,721.75,0.0,2.032212972640991,13.920000076293945,3.4700000286102295
-,26-mar-2019 21:39:07.750,-,-,-,-,-,-,2.135628,5.66947,7.795521,0.025410712,0.0,721.75,0.0,2.032212972640991,14.0,3.440000057220459
-,26-mar-2019 21:39:08.750,-,-,-,-,-,-,2.1547816,5.6886234,7.7667904,0.02464956,0.0,728.0,0.0,2.032212972640991,13.920000076293945,3.4800000190734863
-,26-mar-2019 21:39:09.750,-,-,-,-,-,-,2.2026656,5.6215854,7.7667904,0.0218063,0.0,712.5,0.0,2.032212972640991,13.920000076293945,3.450000047683716
-,26-mar-2019 21:39:10.749,-,-,-,-,-,-,2.135628,5.592855,7.833828,0.024046123,0.0,731.25,0.0,2.032212972640991,13.920000076293945,3.5299999713897705
-,26-mar-2019 21:39:11.749,-,-,-,-,-,-,2.0207062,5.841852,7.6614456,0.022486031,0.0,718.75,0.0,2.032212972640991,14.0,3.4700000286102295
-,26-mar-2019 21:39:12.750,-,-,-,-,-,-,2.3558946,5.506664,7.833828,0.024214923,0.0,721.75,0.0,2.032212972640991,13.920000076293945,3.5
-,26-mar-2019 21:39:13.750,-,-,-,-,-,-,2.1739352,5.5641246,7.824251,0.022466004,0.0,728.0,0.0,2.032212972640991,13.920000076293945,3.4600000381469727
-,26-mar-2019 21:39:14.750,-,-,-,-,-,-,2.0973208,5.6215854,7.776367,0.02022928,0.0,721.75,0.0,2.032212972640991,13.920000076293945,3.4800000190734863
-,26-mar-2019 21:39:15.749,-,-,-,-,-,-,2.336741,5.48751,7.9391727,0.031225622,0.0,718.75,0.0,2.032212972640991,13.920000076293945,3.490000009536743
-,26-mar-2019 21:39:16.750,-,-,-,-,-,-,2.3558946,5.4683566,7.785944,0.01815784,0.0,728.0,0.0,2.032212972640991,13.920000076293945,3.509999990463257
-,26-mar-2019 21:39:17.749,-,-,-,-,-,-,2.0685902,5.6407394,7.776367,0.020727456,0.0,731.25,0.0,2.032212972640991,13.920000076293945,3.4600000381469727
-,26-mar-2019 21:39:18.750,-,-,-,-,-,-,2.1547816,5.592855,7.872135,0.027574956,0.0,731.25,0.0,2.032212972640991,13.920000076293945,3.509999990463257
-,26-mar-2019 21:39:19.750,-,-,-,-,-,-,2.1164744,5.5737014,7.9391727,0.031084359,0.0,728.0,0.0,2.032212972640991,13.84000015258789,3.5199999809265137
-,26-mar-2019 21:39:20.749,-,-,-,-,-,-,2.1260512,5.6407394,7.8529816,0.028160632,0.0,734.25,0.0,2.032212972640991,13.920000076293945,3.5299999713897705
-,26-mar-2019 21:39:21.749,-,-,-,-,-,-,2.1164744,5.6215854,7.8050976,0.022967398,0.0,737.5,0.0,2.032212972640991,13.920000076293945,3.509999990463257
-,26-mar-2019 21:39:22.750,-,-,-,-,-,-,2.078167,5.6982,7.776367,0.024306357,0.0,728.0,0.0,2.032212972640991,13.920000076293945,3.4800000190734863
-,26-mar-2019 21:39:23.750,-,-,-,-,-,-,2.135628,5.5737014,7.824251,0.02216357,0.0,737.5,0.0,2.032212972640991,13.920000076293945,3.509999990463257
-,26-mar-2019 21:39:24.750,-,-,-,-,-,-,2.1452048,5.535394,7.7667904,0.015509844,0.0,734.25,0.0,2.032212972640991,13.920000076293945,3.450000047683716
-,26-mar-2019 21:39:25.750,-,-,-,-,-,-,2.1452048,5.592855,7.9391727,0.032809436,0.0,734.25,0.0,2.032212972640991,13.920000076293945,3.5
-,26-mar-2019 21:39:26.749,-,-,-,-,-,-,2.4229321,5.401319,7.680599,0.0075054765,0.0,731.25,0.0,2.032212972640991,14.0,3.4600000381469727
-,26-mar-2019 21:39:27.749,-,-,-,-,-,-,2.3654714,5.410896,7.9870567,0.031547606,0.0,737.5,0.0,2.032212972640991,13.920000076293945,3.5299999713897705
-,26-mar-2019 21:39:28.750,-,-,-,-,-,-,3.5913026,5.861006,6.2632318,-0.033059537,0.0,734.25,0.0,2.032212972640991,13.920000076293945,3.4700000286102295
-,26-mar-2019 21:39:29.750,-,-,-,-,-,-,3.5913026,6.3685765,6.9144545,0.044799745,0.0,734.25,0.0,2.032212972640991,14.0,3.5399999618530273
-,26-mar-2019 21:39:30.749,-,-,-,-,-,-,3.0550013,6.9527617,6.2823853,0.023697078,0.0,737.5,0.0,2.032212972640991,13.920000076293945,3.509999990463257
-,26-mar-2019 21:39:31.750,-,-,-,-,-,-,3.2465374,6.7324953,6.445191,0.025065005,0.0,734.25,0.0,2.032212972640991,14.0,3.559999942779541
-,26-mar-2019 21:39:32.749,-,-,-,-,-,-,3.4763808,6.7612257,6.3781533,0.030592263,0.0,1225.0,0.0,2.032212972640991,13.84000015258789,6.139999866485596
-,26-mar-2019 21:39:33.749,-,-,-,-,-,-,3.4380736,6.751649,6.205771,0.01733917,0.0,1193.75,0.0,2.032212972640991,13.920000076293945,2.299999952316284
-,26-mar-2019 21:39:34.750,-,-,-,-,-,-,3.2465374,6.9527617,6.167464,0.022539198,0.0,853.0,0.0,2.032212972640991,13.920000076293945,4.260000228881836
-,26-mar-2019 21:39:35.750,-,-,-,-,-,-,3.3901896,6.8569937,6.2728086,0.02740103,0.0,843.75,0.0,2.032212972640991,13.84000015258789,3.930000066757202
-,26-mar-2019 21:39:36.749,-,-,-,-,-,-,3.3614593,6.8761473,6.2249246,0.024669826,0.0,821.75,0.0,2.032212972640991,13.920000076293945,3.940000057220459
-,26-mar-2019 21:39:37.749,-,-,-,-,-,-,3.5051112,6.8186865,6.129156,0.019575179,0.0,818.75,0.0,2.032212972640991,13.920000076293945,3.740000009536743
-,26-mar-2019 21:39:38.749,-,-,-,-,-,-,3.2848446,6.885724,6.215348,0.022101343,0.0,818.75,0.0,2.032212972640991,13.920000076293945,3.680000066757202
-,26-mar-2019 21:39:39.750,-,-,-,-,-,-,3.2561142,7.019799,6.3589997,0.039981067,0.0,803.0,0.0,2.032212972640991,13.920000076293945,3.549999952316284
-,26-mar-2019 21:39:40.751,-,-,-,-,-,-,3.1316159,7.07726,6.38773,0.04191798,0.0,793.75,0.0,2.032212972640991,13.920000076293945,3.569999933242798
-,26-mar-2019 21:39:41.749,-,-,-,-,-,-,3.4572272,6.8282633,5.889736,0.003450811,0.0,771.75,0.0,2.032212972640991,13.920000076293945,3.490000009536743
-,26-mar-2019 21:39:42.750,-,-,-,-,-,-,3.074155,7.038953,6.339846,0.034235895,0.0,753.0,0.0,2.032212972640991,13.920000076293945,3.5
-,26-mar-2019 21:39:43.750,-,-,-,-,-,-,3.3997664,6.9144545,6.244078,0.029957116,0.0,753.0,0.0,2.032212972640991,13.920000076293945,3.440000057220459
-,26-mar-2019 21:39:44.750,-,-,-,-,-,-,3.4093432,7.0006456,6.0238113,0.022541583,0.0,737.5,0.0,2.032212972640991,13.920000076293945,3.390000104904175
-,26-mar-2019 21:39:45.750,-,-,-,-,-,-,2.719813,7.153875,6.215348,0.024025738,0.0,725.0,0.0,2.032212972640991,13.84000015258789,3.4100000858306885
-,26-mar-2019 21:39:46.749,-,-,-,-,-,-,2.7964275,7.1251445,6.196194,0.02286011,0.0,712.5,0.0,2.032212972640991,13.920000076293945,3.4000000953674316
-,26-mar-2019 21:39:47.749,-,-,-,-,-,-,2.9496565,7.1251445,6.157887,0.024965465,0.0,712.5,0.0,2.032212972640991,13.920000076293945,3.450000047683716
-,26-mar-2019 21:39:48.749,-,-,-,-,-,-,2.8538885,7.086837,6.2823853,0.027279556,0.0,700.0,0.0,2.032212972640991,13.920000076293945,3.430000066757202
-,26-mar-2019 21:39:49.750,-,-,-,-,-,-,3.0454245,7.019799,6.215348,0.02390629,0.0,706.25,0.0,2.032212972640991,13.84000015258789,3.450000047683716
-,26-mar-2019 21:39:50.750,-,-,-,-,-,-,3.0358477,7.07726,6.349423,0.036424935,0.0,709.25,0.0,2.032212972640991,13.920000076293945,3.390000104904175
-,26-mar-2019 21:39:51.749,-,-,-,-,-,-,3.0262709,7.067683,6.215348,0.026788414,0.0,718.75,0.0,2.032212972640991,13.84000015258789,3.4200000762939453
-,26-mar-2019 21:39:52.750,-,-,-,-,-,-,3.122039,7.0485296,6.339846,0.03644234,0.0,700.0,0.0,2.032212972640991,13.84000015258789,3.4000000953674316
-,26-mar-2019 21:39:53.750,-,-,-,-,-,-,2.9017725,7.086837,6.2728086,0.028079927,0.0,706.25,0.0,2.032212972640991,13.920000076293945,3.450000047683716
-,26-mar-2019 21:39:54.750,-,-,-,-,-,-,2.8921957,7.144298,6.167464,0.025252998,0.0,706.25,0.0,2.032212972640991,13.920000076293945,3.5899999141693115
-,26-mar-2019 21:39:55.750,-,-,-,-,-,-,2.7868507,7.1155677,6.090849,0.015148759,0.0,712.5,0.0,2.032212972640991,13.920000076293945,3.440000057220459
-,26-mar-2019 21:39:56.750,-,-,-,-,-,-,3.2273839,6.9623384,6.2249246,0.026266754,0.0,721.75,0.0,2.032212972640991,13.920000076293945,3.5
-,26-mar-2019 21:39:57.750,-,-,-,-,-,-,2.9400797,7.1059904,6.167464,0.023875415,0.0,715.5,0.0,2.032212972640991,13.920000076293945,3.4800000190734863
-,26-mar-2019 21:39:58.751,-,-,-,-,-,-,2.9592333,7.0485296,6.1387334,0.018411517,0.0,721.75,0.0,2.032212972640991,13.84000015258789,3.4600000381469727
-,26-mar-2019 21:39:59.750,-,-,-,-,-,-,3.0454245,7.067683,6.253655,0.029845893,0.0,721.75,0.0,2.032212972640991,13.920000076293945,3.5199999809265137
-,26-mar-2019 21:40:00.750,-,-,-,-,-,-,2.9783869,7.0485296,6.1866174,0.022064269,0.0,725.0,0.0,2.032212972640991,13.84000015258789,3.440000057220459
-,26-mar-2019 21:40:01.750,-,-,-,-,-,-,2.633622,7.345411,5.583278,-0.0029165149,0.0,709.25,0.0,2.032212972640991,13.920000076293945,3.450000047683716
-,26-mar-2019 21:40:02.749,-,-,-,-,-,-,2.9496565,7.067683,6.215348,0.024425328,0.0,725.0,0.0,2.032212972640991,13.84000015258789,3.509999990463257
-,26-mar-2019 21:40:03.749,-,-,-,-,-,-,6.9527617,2.2218192,1.0821792,-0.22881639,0.0,721.75,0.0,2.032212972640991,13.84000015258789,3.5
-,26-mar-2019 21:40:04.749,-,-,-,-,-,-,2.4133554,6.751649,7.9104424,0.10731143,0.0,718.75,0.0,2.032212972640991,13.920000076293945,3.430000066757202
-,26-mar-2019 21:40:05.749,-,-,-,-,-,-,3.7828386,6.253655,6.885724,0.042596042,0.0,712.5,0.0,2.032212972640991,13.84000015258789,3.490000009536743
-,26-mar-2019 21:40:06.749,-,-,-,-,-,-,3.620033,6.4164605,6.493075,0.020036042,0.0,728.0,0.0,2.032212972640991,13.84000015258789,3.450000047683716
-,26-mar-2019 21:40:07.750,-,-,-,-,-,-,3.7924154,6.435614,6.4739213,0.026634753,0.0,1087.5,0.0,2.032212972640991,13.84000015258789,7.260000228881836
-,26-mar-2019 21:40:08.751,-,-,-,-,-,-,3.7445314,6.4739213,6.5505357,0.032452166,0.0,1731.25,0.0,2.032212972640991,13.920000076293945,5.230000019073486
-,26-mar-2019 21:40:09.750,-,-,-,-,-,-,3.8977604,6.2823853,6.6175733,0.030453265,0.0,1450.0,0.0,2.032212972640991,13.920000076293945,4.619999885559082
-,26-mar-2019 21:40:10.749,-,-,-,-,-,-,3.9264908,6.3589997,6.483498,0.027556002,0.0,875.0,0.0,2.032212972640991,13.920000076293945,3.930000066757202
-,26-mar-2019 21:40:11.749,-,-,-,-,-,-,3.86903,6.694188,6.253655,0.032693326,0.0,1315.5,0.0,2.032212972640991,13.920000076293945,11.050000190734863
-,26-mar-2019 21:40:12.750,-,-,-,-,-,-,3.8881836,8.054094,4.960786,0.06152886,4.0,1712.5,0.663722038269043,2.032393217086792,13.920000076293945,16.489999771118164
-,26-mar-2019 21:40:13.750,-,-,-,-,-,-,3.3901896,8.1881695,4.721366,0.042593658,12.0,1793.75,1.6735131740570068,2.034681558609009,13.920000076293945,19.6200008392334
-,26-mar-2019 21:40:14.749,-,-,-,-,-,-,4.548983,5.631162,5.889736,-0.029693067,14.0,2162.5,6.4165358543396,2.038336992263794,13.920000076293945,5.96999979019165
-,26-mar-2019 21:40:15.749,-,-,-,-,-,-,6.8186865,5.6215854,8.360553,0.25909597,14.0,1459.25,8.666678428649902,2.0420706272125244,14.0,4.420000076293945
-,26-mar-2019 21:40:16.751,-,-,-,-,-,-,2.6623523,7.690176,6.4068837,0.074796975,12.0,956.25,5.690525054931641,2.0459089279174805,13.920000076293945,5.769999980926514
-,26-mar-2019 21:40:17.750,-,-,-,-,-,-,6.8091097,5.45878,5.755661,0.0846656,14.0,984.25,2.607969045639038,2.0492312908172607,13.920000076293945,12.59000015258789
-,26-mar-2019 21:40:18.750,-,-,-,-,-,-,5.171476,6.7324953,4.644751,0.0054425597,18.0,1328.0,2.2346410751342773,2.053476095199585,13.920000076293945,22.040000915527344
-,26-mar-2019 21:40:19.750,-,-,-,-,-,-,4.453215,8.389283,4.711789,0.09978074,24.0,1781.25,3.113734483718872,2.0592105388641357,13.920000076293945,21.09000015258789
-,26-mar-2019 21:40:20.750,-,-,-,-,-,-,3.6391866,6.3589997,5.5641246,-0.0431813,24.0,1456.25,14.275795936584473,2.065568208694458,14.0,4.599999904632568
-,26-mar-2019 21:40:21.750,-,-,-,-,-,-,3.6583402,6.090849,6.4739213,-0.0011675954,24.0,1259.25,9.980039596557617,2.072141647338867,13.84000015258789,6.579999923706055
-,26-mar-2019 21:40:22.750,-,-,-,-,-,-,5.1810527,7.153875,6.991069,0.16730016,24.0,1243.75,8.779232025146484,2.079028606414795,13.920000076293945,7.480000019073486
-,26-mar-2019 21:40:23.750,-,-,-,-,-,-,4.2521024,6.0142345,6.129156,-0.004224479,24.0,1003.0,20.0821590423584,2.0855085849761963,13.920000076293945,3.2699999809265137
-,26-mar-2019 21:40:24.749,-,-,-,-,-,-,4.4819455,6.38773,6.5601125,0.058185518,22.0,1131.25,11.68859577178955,2.091604471206665,13.920000076293945,5.150000095367432
-,26-mar-2019 21:40:25.750,-,-,-,-,-,-,3.9456444,6.157887,6.8665705,0.04161185,22.0,934.25,18.636615753173828,2.097257614135742,13.920000076293945,3.2300000190734863
-,26-mar-2019 21:40:26.750,-,-,-,-,-,-,2.825158,6.5601125,5.93762,-0.03418368,20.0,940.5,14.593035697937012,2.102904796600342,13.920000076293945,3.75
-,26-mar-2019 21:40:27.749,-,-,-,-,-,-,3.3997664,4.7788267,7.4028716,-0.018260539,18.0,878.0,13.87366008758545,2.1084444522857666,13.920000076293945,3.549999952316284
-,26-mar-2019 21:40:28.750,-,-,-,-,-,-,2.8443117,5.851429,7.5561004,0.03542787,12.0,753.0,8.922371864318848,2.1124415397644043,13.920000076293945,3.680000066757202
-,26-mar-2019 21:40:29.749,-,-,-,-,-,-,3.5625722,5.841852,7.4986396,0.05379027,8.0,793.75,5.884288311004639,2.1148946285247803,13.920000076293945,3.7200000286102295
-,26-mar-2019 21:40:30.749,-,-,-,-,-,-,3.323152,5.9184666,7.3166804,0.03635472,4.0,778.0,2.974123954772949,2.1162312030792236,13.920000076293945,3.680000066757202
-,26-mar-2019 21:40:31.750,-,-,-,-,-,-,3.1411927,6.4643445,7.019799,0.043109357,0.0,768.75,0.0,2.116729259490967,13.920000076293945,3.569999933242798
-,26-mar-2019 21:40:32.750,-,-,-,-,-,-,3.2465374,6.2249246,6.981492,0.028281987,0.0,750.0,0.0,2.116729259490967,13.920000076293945,3.509999990463257
-,26-mar-2019 21:40:33.750,-,-,-,-,-,-,3.2848446,6.5984197,6.435614,0.016452849,0.0,743.75,0.0,2.116729259490967,13.920000076293945,3.5
-,26-mar-2019 21:40:34.750,-,-,-,-,-,-,3.0933087,6.703765,6.493075,0.02124685,0.0,709.25,0.0,2.116729259490967,13.920000076293945,3.5
-,26-mar-2019 21:40:35.750,-,-,-,-,-,-,3.2082303,6.6750345,6.6654577,0.03467709,0.0,715.5,0.0,2.116729259490967,13.920000076293945,3.490000009536743
-,26-mar-2019 21:40:36.750,-,-,-,-,-,-,3.2369606,6.646304,6.4739213,0.02069658,0.0,712.5,0.0,2.116729259490967,13.920000076293945,3.4700000286102295
-,26-mar-2019 21:40:37.750,-,-,-,-,-,-,3.0550013,6.8091097,6.4547677,0.02482766,0.0,718.75,0.0,2.116729259490967,13.920000076293945,3.509999990463257
-,26-mar-2019 21:40:38.749,-,-,-,-,-,-,3.1124623,6.7612257,6.7229185,0.04141754,0.0,725.0,0.0,2.116729259490967,13.920000076293945,3.4200000762939453
-,26-mar-2019 21:40:39.750,-,-,-,-,-,-,3.064578,6.694188,6.646304,0.030062735,0.0,740.5,0.0,2.116729259490967,13.84000015258789,3.5199999809265137
-,26-mar-2019 21:40:40.750,-,-,-,-,-,-,3.0933087,6.799533,6.6079965,0.035651863,0.0,740.5,0.0,2.116729259490967,13.84000015258789,3.4600000381469727
-,26-mar-2019 21:40:41.750,-,-,-,-,-,-,3.1028855,6.742072,6.493075,0.02422005,0.0,731.25,0.0,2.116729259490967,13.84000015258789,3.5299999713897705
-,26-mar-2019 21:40:42.749,-,-,-,-,-,-,3.1411927,6.895301,6.6079965,0.043847024,0.0,725.0,0.0,2.116729259490967,13.84000015258789,3.5
-,26-mar-2019 21:40:43.749,-,-,-,-,-,-,3.3997664,6.6654577,6.5505357,0.032726705,0.0,731.25,0.0,2.116729259490967,13.920000076293945,3.569999933242798
-,26-mar-2019 21:40:44.749,-,-,-,-,-,-,3.4572272,6.5601125,6.4739213,0.022438943,0.0,775.0,0.0,2.116729259490967,13.920000076293945,3.869999885559082
-,26-mar-2019 21:40:45.749,-,-,-,-,-,-,3.6583402,6.3111157,6.7324953,0.030899823,0.0,1109.25,0.0,2.116729259490967,13.920000076293945,4.489999771118164
-,26-mar-2019 21:40:46.750,-,-,-,-,-,-,3.265691,6.655881,6.4547677,0.02104193,0.0,1159.25,0.0,2.116729259490967,13.920000076293945,3.4800000190734863
-,26-mar-2019 21:40:47.750,-,-,-,-,-,-,3.667917,6.339846,6.6367273,0.02654308,0.0,1028.0,0.0,2.116729259490967,13.920000076293945,3.609999895095825
-,26-mar-2019 21:40:48.750,-,-,-,-,-,-,3.5913026,6.5218053,6.588843,0.032460153,0.0,962.5,0.0,2.116729259490967,13.920000076293945,3.690000057220459
-,26-mar-2019 21:40:49.750,-,-,-,-,-,-,3.620033,6.3206925,6.799533,0.03473991,0.0,893.75,0.0,2.116729259490967,13.920000076293945,3.5999999046325684
-,26-mar-2019 21:40:50.750,-,-,-,-,-,-,3.7541082,6.2823853,6.646304,0.026757777,0.0,1062.5,0.0,2.116729259490967,13.920000076293945,5.559999942779541
-,26-mar-2019 21:40:51.749,-,-,-,-,-,-,3.7253778,6.3206925,6.5505357,0.021609962,0.0,1634.25,0.0,2.116729259490967,13.920000076293945,5.699999809265137
-,26-mar-2019 21:40:52.749,-,-,-,-,-,-,3.6296098,6.483498,6.445191,0.021667898,0.0,1506.25,0.0,2.116729259490967,13.920000076293945,5.519999980926514
-,26-mar-2019 21:40:53.749,-,-,-,-,-,-,3.6008794,6.4547677,6.5505357,0.025751054,0.0,1546.75,0.0,2.116729259490967,14.0,5.480000019073486
-,26-mar-2019 21:40:54.750,-,-,-,-,-,-,3.7349546,6.38773,6.5218053,0.024444759,0.0,1381.25,0.0,2.116729259490967,13.920000076293945,2.890000104904175
-,26-mar-2019 21:40:55.750,-,-,-,-,-,-,3.572149,6.4068837,6.579266,0.023453295,0.0,865.5,0.0,2.116729259490967,13.920000076293945,4.170000076293945
-,26-mar-2019 21:40:56.750,-,-,-,-,-,-,3.4955344,6.4643445,6.588843,0.025128901,0.0,1175.0,0.0,2.116729259490967,13.84000015258789,6.260000228881836
-,26-mar-2019 21:40:57.750,-,-,-,-,-,-,3.3997664,6.493075,6.5601125,0.021684587,0.0,1078.0,0.0,2.116729259490967,13.920000076293945,2.9800000190734863
-,26-mar-2019 21:40:58.750,-,-,-,-,-,-,3.6583402,6.4643445,6.5696893,0.029830754,0.0,787.5,0.0,2.116729259490967,13.84000015258789,4.369999885559082
-,26-mar-2019 21:40:59.750,-,-,-,-,-,-,3.5625722,6.4643445,6.5026517,0.021739662,0.0,831.25,0.0,2.116729259490967,13.84000015258789,4.150000095367432
-,26-mar-2019 21:41:00.749,-,-,-,-,-,-,3.2465374,6.751649,6.4643445,0.027672231,0.0,846.75,0.0,2.116729259490967,14.0,4.050000190734863
-,26-mar-2019 21:41:01.750,-,-,-,-,-,-,3.6870706,6.540959,6.3589997,0.022005737,0.0,840.5,0.0,2.116729259490967,13.920000076293945,3.799999952316284
-,26-mar-2019 21:41:02.750,-,-,-,-,-,-,3.466804,6.579266,6.5505357,0.029229105,0.0,831.25,0.0,2.116729259490967,13.920000076293945,3.7100000381469727
-,26-mar-2019 21:41:03.750,-,-,-,-,-,-,3.265691,6.7133417,6.3781533,0.019926608,0.0,812.5,0.0,2.116729259490967,13.920000076293945,3.549999952316284
-,26-mar-2019 21:41:04.750,-,-,-,-,-,-,3.2752678,6.6750345,6.3781533,0.017586827,0.0,790.5,0.0,2.116729259490967,13.920000076293945,3.4700000286102295
-,26-mar-2019 21:41:05.749,-,-,-,-,-,-,3.3135753,6.655881,6.397307,0.01884389,0.0,756.25,0.0,2.116729259490967,13.920000076293945,3.4600000381469727
-,26-mar-2019 21:41:06.749,-,-,-,-,-,-,3.3806129,6.5505357,6.445191,0.017140508,0.0,753.0,0.0,2.116729259490967,13.84000015258789,3.430000066757202
-,26-mar-2019 21:41:07.749,-,-,-,-,-,-,3.2465374,6.694188,6.397307,0.019216001,0.0,753.0,0.0,2.116729259490967,13.84000015258789,3.369999885559082
-,26-mar-2019 21:41:08.749,-,-,-,-,-,-,3.4284968,6.540959,6.435614,0.017542899,0.0,731.25,0.0,2.116729259490967,13.920000076293945,3.3299999237060547
-,26-mar-2019 21:41:09.749,-,-,-,-,-,-,3.5434184,6.6175733,6.531382,0.03329438,0.0,721.75,0.0,2.116729259490967,13.84000015258789,3.430000066757202
-,26-mar-2019 21:41:10.750,-,-,-,-,-,-,3.3518825,6.742072,6.3685765,0.024250925,0.0,712.5,0.0,2.116729259490967,13.920000076293945,3.4100000858306885
-,26-mar-2019 21:41:11.749,-,-,-,-,-,-,3.3327289,6.8091097,6.3111157,0.024518669,0.0,721.75,0.0,2.116729259490967,13.920000076293945,3.4000000953674316
-,26-mar-2019 21:41:12.749,-,-,-,-,-,-,3.3518825,6.742072,6.3781533,0.024881661,0.0,715.5,0.0,2.116729259490967,13.84000015258789,3.4000000953674316
-,26-mar-2019 21:41:13.749,-,-,-,-,-,-,3.2465374,6.8665705,6.253655,0.021915019,0.0,715.5,0.0,2.116729259490967,13.84000015258789,3.4000000953674316
-,26-mar-2019 21:41:14.749,-,-,-,-,-,-,3.1603463,6.8761473,6.38773,0.028494895,0.0,721.75,0.0,2.116729259490967,13.84000015258789,3.4700000286102295
-,26-mar-2019 21:41:15.750,-,-,-,-,-,-,2.9879637,6.981492,6.291962,0.024295032,0.0,731.25,0.0,2.116729259490967,13.84000015258789,3.369999885559082
-,26-mar-2019 21:41:16.750,-,-,-,-,-,-,4.050989,6.3206925,6.588843,0.037218034,0.0,728.0,0.0,2.116729259490967,13.84000015258789,3.450000047683716
-,26-mar-2019 21:41:17.750,-,-,-,-,-,-,3.6774938,6.531382,6.339846,0.019729435,0.0,731.25,0.0,2.116729259490967,13.920000076293945,3.380000114440918
-,26-mar-2019 21:41:18.750,-,-,-,-,-,-,3.7924154,6.493075,6.301539,0.019081652,0.0,756.25,0.0,2.116729259490967,13.920000076293945,3.380000114440918
-,26-mar-2019 21:41:19.750,-,-,-,-,-,-,3.6870706,6.6367273,6.4164605,0.032292783,0.0,712.5,0.0,2.116729259490967,13.920000076293945,4.239999771118164
-,26-mar-2019 21:41:20.749,-,-,-,-,-,-,3.6008794,6.6271505,6.3589997,0.024627745,0.0,1681.25,0.0,2.116729259490967,13.920000076293945,6.079999923706055
-,26-mar-2019 21:41:21.750,-,-,-,-,-,-,3.4955344,6.6846113,6.5122285,0.03485483,0.0,1043.75,0.0,2.116729259490967,13.920000076293945,3.5899999141693115
-,26-mar-2019 21:41:22.750,-,-,-,-,-,-,3.6296098,6.703765,6.2632318,0.02473241,0.0,925.0,0.0,2.116729259490967,13.920000076293945,4.610000133514404
-,26-mar-2019 21:41:23.749,-,-,-,-,-,-,3.5338416,6.6654577,6.4260373,0.029205024,0.0,1434.25,0.0,2.116729259490967,13.920000076293945,7.570000171661377
-,26-mar-2019 21:41:24.749,-,-,-,-,-,-,3.2848446,7.335834,5.8322754,0.03131038,0.0,1325.0,0.0,2.116729259490967,13.920000076293945,11.25
-,26-mar-2019 21:41:25.750,-,-,-,-,-,-,3.2944214,8.303091,4.6160207,0.043970168,8.0,1018.75,1.5908105373382568,2.1175670623779297,13.920000076293945,13.760000228881836
-,26-mar-2019 21:41:26.750,-,-,-,-,-,-,2.825158,8.810662,3.763685,0.03721851,16.0,1981.25,1.3728160858154297,2.1206037998199463,14.0,31.889999389648438
-,26-mar-2019 21:41:27.749,-,-,-,-,-,-,5.583278,4.6255975,7.6135616,0.09072119,22.0,2809.25,6.03169059753418,2.1261303424835205,14.0,9.979999542236328
-,26-mar-2019 21:41:28.749,-,-,-,-,-,-,2.873042,6.933608,6.6271505,0.039633334,22.0,1721.75,2.381181478500366,2.1318442821502686,13.84000015258789,25.280000686645508
-,26-mar-2019 21:41:29.749,-,-,-,-,-,-,2.7485435,9.414001,4.960786,0.13931876,30.0,2146.75,2.1454737186431885,2.1387834548950195,13.84000015258789,38.2599983215332
-,26-mar-2019 21:41:30.750,-,-,-,-,-,-,2.4899697,9.155427,4.7979803,0.10280627,36.0,2693.75,2.1367242336273193,2.148010730743408,13.84000015258789,46.099998474121094
-,26-mar-2019 21:41:31.750,-,-,-,-,-,-,3.8115692,6.0621185,6.6271505,0.013583779,38.0,2353.0,14.96048641204834,2.1581993103027344,13.84000015258789,6.949999809265137
-,26-mar-2019 21:41:32.749,-,-,-,-,-,-,3.964798,7.2592196,5.2768207,0.019127905,38.0,2009.25,3.52817702293396,2.168733596801758,13.920000076293945,29.469999313354492
-,26-mar-2019 21:41:33.749,-,-,-,-,-,-,2.9975405,7.422025,5.4683566,0.007180512,42.0,2171.75,3.75801682472229,2.1796700954437256,13.920000076293945,30.579999923706055
-,26-mar-2019 21:41:34.750,-,-,-,-,-,-,3.7062242,6.847417,5.00867,-0.037272334,46.0,2340.5,4.054926872253418,2.1915321350097656,13.84000015258789,31.040000915527344
-,26-mar-2019 21:41:35.750,-,-,-,-,-,-,3.0358477,6.7324953,6.6271505,0.030498564,46.0,1709.25,22.316476821899414,2.2036068439483643,13.920000076293945,5.639999866485596
-,26-mar-2019 21:41:36.750,-,-,-,-,-,-,2.480393,7.833828,5.631162,0.03444189,46.0,1750.0,6.953863143920898,2.216212034225464,14.0,18.100000381469727
-,26-mar-2019 21:41:37.750,-,-,-,-,-,-,2.815581,6.8282633,5.5162406,-0.041291,48.0,1825.0,4.194740295410156,2.228598117828369,14.0,31.309999465942383
-,26-mar-2019 21:41:38.760,-,-,-,-,-,-,4.232949,5.6215854,2.8060043,-0.20874059,52.0,1987.5,4.172299385070801,2.2427077293395996,13.920000076293945,32.790000915527344
-,26-mar-2019 21:41:39.750,-,-,-,-,-,-,2.528277,7.3645644,5.056554,-0.03459096,54.0,2040.5,6.1308913230896,2.2558891773223877,14.0,24.100000381469727
-,26-mar-2019 21:41:40.750,-,-,-,-,-,-,3.2465374,6.6271505,6.2249246,0.0031458735,52.0,1712.5,25.775741577148438,2.2705492973327637,14.0,5.519999980926514
-,26-mar-2019 21:41:41.749,-,-,-,-,-,-,3.1507695,6.7229185,6.3781533,0.016761899,52.0,1509.25,11.98669719696045,2.284849166870117,14.0,11.869999885559082
-,26-mar-2019 21:41:42.749,-,-,-,-,-,-,4.0318356,6.7133417,5.765238,0.010267198,52.0,1512.5,12.192124366760254,2.2993218898773193,13.920000076293945,11.670000076293945
-,26-mar-2019 21:41:43.749,-,-,-,-,-,-,2.8921957,7.6614456,7.4603324,0.14824206,52.0,1512.5,11.75885009765625,2.313809394836426,14.0,12.100000381469727
-,26-mar-2019 21:41:44.750,-,-,-,-,-,-,0.7757214,8.054094,7.019799,0.11095077,52.0,1518.75,11.662467002868652,2.327040672302246,13.760000228881836,12.199999809265137
-,26-mar-2019 21:41:45.749,-,-,-,-,-,-,4.6351743,6.5696893,6.435614,0.06881434,52.0,1521.75,6.950761795043945,2.342106580734253,13.84000015258789,20.469999313354492
